
<record>
  <leader>00342nas a22000737a 4500</leader>
  <controlfield tag="008">860710d19621986gw |||m|| ||||0 || 0eng d</controlfield>
  <datafield tag="022" ind1=" " ind2=" ">
    <subfield code="a">0080-181X</subfield>
  </datafield>
  <datafield tag="035" ind1=" " ind2=" ">
    <subfield code="a">0730752</subfield>
  </datafield>
  <datafield tag="245" ind1="0" ind2="0">
    <subfield code="a">Residue reviews :</subfield>
    <subfield code="b">residues of pesticides and other foreign chemicals in foods and feeds = Rückstandsberichte : Rückstände von Pestiziden und anderen Fremdstoffen in Nahrungs- und Futtermitteln</subfield>
  </datafield>
</record>