
<record>
  <leader>01737nam a2200157 a 4500</leader>
  <controlfield tag="008">110218s2003    fr ||| |  ||||00|  |fre d</controlfield>
  <datafield tag="020" ind1=" " ind2=" ">
    <subfield code="a">9782211091022</subfield>
  </datafield>
  <datafield tag="035" ind1=" " ind2=" ">
    <subfield code="a">R006034120</subfield>
  </datafield>
  <datafield tag="041" ind1="1" ind2=" ">
    <subfield code="a">fre</subfield>
    <subfield code="h">eng</subfield>
  </datafield>
  <datafield tag="100" ind1="1" ind2=" ">
    <subfield code="0">(RERO)A005493756</subfield>
    <subfield code="a">Treviño, Elizabeth Borton de</subfield>
    <subfield code="4">cre</subfield>
  </datafield>
  <datafield tag="245" ind1="1" ind2="0">
    <subfield code="a">Je suis Juan de Pareja :</subfield>
    <subfield code="b">né esclave à Séville, élève en secret de Velazquez, peintre malgré tout /</subfield>
    <subfield code="c">Elizabeth Borton de Treviño ; trad. de l&apos;américain par Tessa Brisac</subfield>
  </datafield>
  <datafield tag="300" ind1=" " ind2=" ">
    <subfield code="a">333 p. ;</subfield>
    <subfield code="c">20 cm</subfield>
  </datafield>
  <datafield tag="490" ind1="0" ind2=" ">
    <subfield code="a">Médium</subfield>
  </datafield>
  <datafield tag="500" ind1=" " ind2=" ">
    <subfield code="a">Traduit de: &quot;I Juan de Pareja&quot;</subfield>
  </datafield>
  <datafield tag="520" ind1="8" ind2=" ">
    <subfield code="a">Quand il rencontre Don Diego, à Madrid, vers 1625, Juan de Pareja a déjà appris beaucoup de choses de sa courte vie d&apos;esclave noir. Il a vu des gens mourir de la peste, et il a eu à se méfier d&apos;autres qui se disaient compatissants. Il a appris à lire et à ne pas s&apos;attirer les foudres de ces maîtres. Avec Don Diego, qui est le grand peintre Velázquez, il va voir s&apos;ouvrir devant lui un champ bien plus vaste de connaissances. Son nouveau maître, en effet, lui apprend comment regarder, mais le blesse en refusant de lui enseigner son art. C&apos;est que les esclaves n&apos;ont pas le droit de peindre. Pour la première fois, Juan, qui n&apos;est pas un rebelle, désobéit, agit en secret, parce qu&apos;il ne peut s&apos;en empêcher. Il découvre que l&apos;art doit être vrai, que c&apos;est &quot; la seule chose de la vie qui doive reposer sur la plus solide vérité, parce que, sinon, il ne sert à rien. &quot; Il apprend les règles de la lumière, et à capter, dans les portraits, les âmes emprisonnées. Aux côtés de Velázquez, il parcourt l&apos;Italie et l&apos;Espagne, rencontre Rubens et une jeune femme révoltée qui sait l&apos;avenir... [4e de couv.]</subfield>
    <subfield code="9">vdecfr/08.2013</subfield>
  </datafield>
  <datafield tag="700" ind1="1" ind2=" ">
    <subfield code="0">(RERO)A003044077</subfield>
    <subfield code="a">Brisac, Tessa</subfield>
  </datafield>
</record>