
<record>
  <leader>00356naa a2200085 a 4500</leader>
  <controlfield tag="008">110712s1977    sz ||| |  ||||00|  |fre d</controlfield>
  <datafield tag="035" ind1=" " ind2=" ">
    <subfield code="a">R006100121</subfield>
  </datafield>
  <datafield tag="100" ind1="1" ind2=" ">
    <subfield code="0">(RERO)A003592365</subfield>
    <subfield code="a">Micheloud, Pierrette,</subfield>
    <subfield code="d">1915-2007</subfield>
    <subfield code="4">cre</subfield>
  </datafield>
  <datafield tag="245" ind1="1" ind2="0">
    <subfield code="a">Mot d&apos;ordre ;</subfield>
    <subfield code="b">Elle ; Charade /</subfield>
    <subfield code="c">Pierrette Micheloud</subfield>
  </datafield>
  <datafield tag="773" ind1="1" ind2=" ">
    <subfield code="t">Welt im Wort : Forum der Schriftsteller = Voix des lettres : forum des écrivains</subfield>
    <subfield code="g">1977/7/25</subfield>
  </datafield>
</record>