
<record>
  <leader>00470nam a2200121 a 4500</leader>
  <controlfield tag="008">000916s2000    xxk||| |  ||||00|  |eng d</controlfield>
  <datafield tag="020" ind1=" " ind2=" ">
    <subfield code="a">9780632054824</subfield>
  </datafield>
  <datafield tag="035" ind1=" " ind2=" ">
    <subfield code="a">R268852260</subfield>
  </datafield>
  <datafield tag="245" ind1="0" ind2="0">
    <subfield code="a">Quartz cementation in sandstones /</subfield>
    <subfield code="c">ed. by Richard H. Worden and Sadoon Morad</subfield>
  </datafield>
  <datafield tag="300" ind1=" " ind2=" ">
    <subfield code="a">IX, 342 p. :</subfield>
    <subfield code="b">ill. ;</subfield>
    <subfield code="c">25 cm</subfield>
  </datafield>
  <datafield tag="490" ind1="1" ind2=" ">
    <subfield code="a">Special publication of the International Association of Sedimentologists</subfield>
    <subfield code="v">no 29</subfield>
  </datafield>
  <datafield tag="700" ind1="1" ind2=" ">
    <subfield code="0">(RERO)A005973564</subfield>
    <subfield code="a">Worden, Richard H</subfield>
  </datafield>
  <datafield tag="700" ind1="1" ind2=" ">
    <subfield code="0">(RERO)A003607429</subfield>
    <subfield code="a">Morad, Sadoon</subfield>
  </datafield>
</record>