
<record>
  <leader>00321caa a2200097 a 4500</leader>
  <controlfield tag="008">940207s1992    sz |||||| ||||00|| |eng d</controlfield>
  <datafield tag="035" ind1=" " ind2=" ">
    <subfield code="a">1808030</subfield>
  </datafield>
  <datafield tag="245" ind1="0" ind2="0">
    <subfield code="a">Herald facial numbness /</subfield>
    <subfield code="c">Thierry Kuntzer... [et al.]</subfield>
  </datafield>
  <datafield tag="700" ind1="1" ind2=" ">
    <subfield code="0">(RERO)A003480022</subfield>
    <subfield code="a">Kuntzer, Thierry</subfield>
  </datafield>
  <datafield tag="700" ind1="1" ind2=" ">
    <subfield code="0">(RERO)A003747227</subfield>
    <subfield code="a">Rilliet, Bénédict</subfield>
  </datafield>
  <datafield tag="773" ind1="1" ind2=" ">
    <subfield code="t">European neurology</subfield>
    <subfield code="g">32/297</subfield>
  </datafield>
</record>