
<record>
  <leader>00694nam a22001817a 4500</leader>
  <controlfield tag="008">000921s1999    gw |||||| ||||00|  |ger d</controlfield>
  <datafield tag="020" ind1=" " ind2=" ">
    <subfield code="a">9783403030959</subfield>
  </datafield>
  <datafield tag="035" ind1=" " ind2=" ">
    <subfield code="a">R270762760</subfield>
  </datafield>
  <datafield tag="100" ind1="1" ind2=" ">
    <subfield code="0">(RERO)A003063735</subfield>
    <subfield code="a">Bäuerle, Siegfried</subfield>
    <subfield code="4">cre</subfield>
  </datafield>
  <datafield tag="245" ind1="1" ind2="0">
    <subfield code="a">Gewalt in der Schule /</subfield>
    <subfield code="c">Siegfried Bäuerle / Helgard Moll-Strobel / Gerd-Bodo Reinert ...</subfield>
  </datafield>
  <datafield tag="300" ind1=" " ind2=" ">
    <subfield code="a">214 S. :</subfield>
    <subfield code="b">Abb. ;</subfield>
    <subfield code="c">20 cm</subfield>
  </datafield>
  <datafield tag="490" ind1="1" ind2=" ">
    <subfield code="a">Schule und Unterricht</subfield>
  </datafield>
  <datafield tag="650" ind1=" " ind2="7">
    <subfield code="0">(RERO)A021002977</subfield>
    <subfield code="a">Violence</subfield>
    <subfield code="2">rero</subfield>
  </datafield>
  <datafield tag="650" ind1=" " ind2="7">
    <subfield code="0">(RERO)A021018110</subfield>
    <subfield code="a">Élèves</subfield>
    <subfield code="2">rero</subfield>
  </datafield>
  <datafield tag="650" ind1=" " ind2="7">
    <subfield code="0">(RERO)A021002534</subfield>
    <subfield code="a">Prévention</subfield>
    <subfield code="2">rero</subfield>
  </datafield>
  <datafield tag="650" ind1=" " ind2="7">
    <subfield code="0">(RERO)A021007865</subfield>
    <subfield code="a">Écoles</subfield>
    <subfield code="2">rero</subfield>
  </datafield>
  <datafield tag="700" ind1="1" ind2=" ">
    <subfield code="0">(RERO)A003602477</subfield>
    <subfield code="a">Moll-Strobel, Helgard</subfield>
  </datafield>
  <datafield tag="700" ind1="1" ind2=" ">
    <subfield code="0">(RERO)A003735577</subfield>
    <subfield code="a">Reinert, Gerd-Bodo,</subfield>
    <subfield code="d">1942-</subfield>
  </datafield>
</record>