
<record>
  <leader>00494nam a2200133 a 4500</leader>
  <controlfield tag="008">000924s1996    cc ||| |  ||||00|  |chi d</controlfield>
  <datafield tag="020" ind1=" " ind2=" ">
    <subfield code="a">9787538119800</subfield>
  </datafield>
  <datafield tag="035" ind1=" " ind2=" ">
    <subfield code="a">R268902960</subfield>
  </datafield>
  <datafield tag="100" ind1="1" ind2=" ">
    <subfield code="0">(RERO)A006071567</subfield>
    <subfield code="a">Xue, Wanqi</subfield>
    <subfield code="4">cre</subfield>
  </datafield>
  <datafield tag="245" ind1="1" ind2="0">
    <subfield code="a">Flies of China /</subfield>
    <subfield code="c">by Xue Wanqi (Hsue Wan-chi), Chao Chienming</subfield>
  </datafield>
  <datafield tag="300" ind1=" " ind2=" ">
    <subfield code="a">2 vol. (2425 p.) :</subfield>
    <subfield code="b">ill. ;</subfield>
    <subfield code="c">27 cm</subfield>
  </datafield>
  <datafield tag="650" ind1=" " ind2="7">
    <subfield code="0">(RERO)A027246222</subfield>
    <subfield code="a">Diptera [Taxonomie]</subfield>
    <subfield code="2">rero</subfield>
  </datafield>
  <datafield tag="651" ind1=" " ind2="7">
    <subfield code="0">(RERO)A009975202</subfield>
    <subfield code="a">Chine (république populaire)</subfield>
    <subfield code="2">rero</subfield>
  </datafield>
  <datafield tag="700" ind1="1" ind2=" ">
    <subfield code="0">(RERO)A006071570</subfield>
    <subfield code="a">Chao, Chienming</subfield>
  </datafield>
</record>