
<record>
  <leader>00881nam a2200193 a 4500</leader>
  <controlfield tag="008">000912s1988    gw |||||| ||||00|  |ger d</controlfield>
  <datafield tag="020" ind1=" " ind2=" ">
    <subfield code="a">9783885351061</subfield>
  </datafield>
  <datafield tag="035" ind1=" " ind2=" ">
    <subfield code="a">R266392860</subfield>
  </datafield>
  <datafield tag="041" ind1="1" ind2=" ">
    <subfield code="a">ger</subfield>
    <subfield code="h">fre</subfield>
  </datafield>
  <datafield tag="100" ind1="1" ind2=" ">
    <subfield code="0">(RERO)A003255406</subfield>
    <subfield code="a">Foucault, Michel,</subfield>
    <subfield code="d">1926-1984</subfield>
    <subfield code="4">cre</subfield>
  </datafield>
  <datafield tag="245" ind1="1" ind2="4">
    <subfield code="a">Das Wahrsprechen des Anderen :</subfield>
    <subfield code="b">zwei Vorlesungen von 1983/84 /</subfield>
    <subfield code="c">Michel Foucault ; hrsg. und eingel. von Ulrike Reuter... [et al.] ; übers. von Ulrike Reuter zusammen mit Lothar Wolfstetter</subfield>
  </datafield>
  <datafield tag="300" ind1=" " ind2=" ">
    <subfield code="a">97 S. ;</subfield>
    <subfield code="c">21 cm</subfield>
  </datafield>
  <datafield tag="490" ind1="1" ind2=" ">
    <subfield code="a">Materialis Programm</subfield>
    <subfield code="v">MP 31.</subfield>
    <subfield code="a">Kollektion: Philosophie, Ökonomie, Politik</subfield>
  </datafield>
  <datafield tag="600" ind1="1" ind2="7">
    <subfield code="0">(RERO)A010084789</subfield>
    <subfield code="a">Foucault, Michel</subfield>
    <subfield code="2">rero</subfield>
  </datafield>
  <datafield tag="650" ind1=" " ind2="7">
    <subfield code="0">(RERO)A021095159</subfield>
    <subfield code="a">Autrui</subfield>
    <subfield code="2">rero</subfield>
  </datafield>
  <datafield tag="650" ind1=" " ind2="7">
    <subfield code="0">(RERO)A021010584</subfield>
    <subfield code="a">Sujet (philosophie)</subfield>
    <subfield code="2">rero</subfield>
  </datafield>
  <datafield tag="655" ind1=" " ind2="7">
    <subfield code="0">(RERO)A022249905</subfield>
    <subfield code="a">[Études diverses]</subfield>
    <subfield code="2">rero</subfield>
  </datafield>
  <datafield tag="700" ind1="1" ind2=" ">
    <subfield code="0">(RERO)A003740078</subfield>
    <subfield code="a">Reuter, Ulrike</subfield>
  </datafield>
  <datafield tag="700" ind1="1" ind2=" ">
    <subfield code="0">(RERO)A003984222</subfield>
    <subfield code="a">Wolfstetter, Lothar</subfield>
  </datafield>
</record>