
<record>
  <leader>00580nam a2200157 a 4500</leader>
  <controlfield tag="008">960525s1982    it |||||| ||||00|| |ger d</controlfield>
  <datafield tag="020" ind1=" " ind2=" ">
    <subfield code="a">9788885007475</subfield>
  </datafield>
  <datafield tag="035" ind1=" " ind2=" ">
    <subfield code="a">0400054</subfield>
  </datafield>
  <datafield tag="100" ind1="1" ind2=" ">
    <subfield code="0">(RERO)A003637021</subfield>
    <subfield code="a">Neuser, Kora</subfield>
    <subfield code="4">cre</subfield>
  </datafield>
  <datafield tag="245" ind1="1" ind2="0">
    <subfield code="a">Anemoi :</subfield>
    <subfield code="b">Studien zur Darstellung der Winde und Windgottheiten in der Antike /</subfield>
    <subfield code="c">Kora Neuser</subfield>
  </datafield>
  <datafield tag="300" ind1=" " ind2=" ">
    <subfield code="a">XXVIII, 249 p., 18 p. de pl. ;</subfield>
    <subfield code="c">25 cm</subfield>
  </datafield>
  <datafield tag="490" ind1="1" ind2=" ">
    <subfield code="a">Archaeologica</subfield>
    <subfield code="v">19</subfield>
  </datafield>
  <datafield tag="650" ind1=" " ind2="7">
    <subfield code="0">(RERO)A009950092</subfield>
    <subfield code="a">iconographie</subfield>
    <subfield code="2">rerovoc</subfield>
  </datafield>
  <datafield tag="650" ind1=" " ind2="7">
    <subfield code="0">(RERO)A021017036</subfield>
    <subfield code="a">Antiquité</subfield>
    <subfield code="2">rero</subfield>
  </datafield>
  <datafield tag="650" ind1=" " ind2="7">
    <subfield code="0">(RERO)A021013548</subfield>
    <subfield code="a">Dieux</subfield>
    <subfield code="2">rero</subfield>
  </datafield>
  <datafield tag="650" ind1=" " ind2="7">
    <subfield code="0">(RERO)A021065697</subfield>
    <subfield code="a">Vents</subfield>
    <subfield code="2">rero</subfield>
  </datafield>
</record>