
<record>
  <leader>00886cam a2200205 a 4500</leader>
  <controlfield tag="008">110616s2003    cc ||| |  ||||00|  |chi d</controlfield>
  <datafield tag="020" ind1=" " ind2=" ">
    <subfield code="a">9787801651273</subfield>
  </datafield>
  <datafield tag="035" ind1=" " ind2=" ">
    <subfield code="a">R006077325</subfield>
  </datafield>
  <datafield tag="100" ind1="1" ind2=" ">
    <subfield code="0">(RERO)A018871003</subfield>
    <subfield code="6">880-01</subfield>
    <subfield code="a">Yang, Yijie</subfield>
    <subfield code="4">cre</subfield>
  </datafield>
  <datafield tag="245" ind1="1" ind2="0">
    <subfield code="6">880-02</subfield>
    <subfield code="a">Zhongguo nong di quan ji ben wen ti :</subfield>
    <subfield code="b">Zhongguo ji ti nong di quan li ti xi de xing cheng yu kuo zhan /</subfield>
    <subfield code="c">Yang Yijie zhu</subfield>
  </datafield>
  <datafield tag="300" ind1=" " ind2=" ">
    <subfield code="a">4, 198 p. ;</subfield>
    <subfield code="c">22 cm.</subfield>
  </datafield>
  <datafield tag="500" ind1=" " ind2=" ">
    <subfield code="a">Revision of the author&apos;s thesis (doctoral)</subfield>
  </datafield>
  <datafield tag="650" ind1=" " ind2="0">
    <subfield code="a">Collectivization of agriculture</subfield>
    <subfield code="z">China</subfield>
  </datafield>
  <datafield tag="650" ind1=" " ind2="0">
    <subfield code="a">Land reform</subfield>
    <subfield code="z">China</subfield>
  </datafield>
  <datafield tag="650" ind1=" " ind2="0">
    <subfield code="a">Land tenure</subfield>
    <subfield code="z">China</subfield>
  </datafield>
  <datafield tag="650" ind1=" " ind2="0">
    <subfield code="a">Land use, Rural</subfield>
    <subfield code="x">Law and legislation</subfield>
    <subfield code="z">China</subfield>
  </datafield>
  <datafield tag="880" ind1=" " ind2=" ">
    <subfield code="6">250-03/ $1</subfield>
    <subfield code="a">第1版</subfield>
  </datafield>
  <datafield tag="880" ind1="0" ind2=" ">
    <subfield code="6">100-01/ $1</subfield>
    <subfield code="a">杨一介</subfield>
  </datafield>
  <datafield tag="880" ind1="1" ind2="0">
    <subfield code="6">245-02/ $1</subfield>
    <subfield code="a">中国农地权基本问题 :</subfield>
    <subfield code="b">中国集体农地权利体系的形成与扩展 /</subfield>
    <subfield code="c">杨一介著</subfield>
  </datafield>
  <datafield tag="880" ind1=" " ind2="1">
    <subfield code="6">264-04/$1</subfield>
    <subfield code="a">北京市 :</subfield>
    <subfield code="b">中國海關出版社,</subfield>
    <subfield code="c">2003</subfield>
  </datafield>
</record>