
<record>
  <leader>00528nam a2200109 a 4500</leader>
  <controlfield tag="008">860812s1984    au |||||| ||||00|| |ger d</controlfield>
  <datafield tag="020" ind1=" " ind2=" ">
    <subfield code="a">9783900525002</subfield>
  </datafield>
  <datafield tag="035" ind1=" " ind2=" ">
    <subfield code="a">0739984</subfield>
  </datafield>
  <datafield tag="245" ind1="0" ind2="0">
    <subfield code="a">Schöne neue Welt der &apos;Informationsgesellschaft&apos; ? :</subfield>
    <subfield code="b">Beiträge zur Auseinandersetzung um neue Medien und Informationstechnologien in Österreich /</subfield>
    <subfield code="c">hrsg. von Hans Heinrich Fabris... [et al.] ; mit Beitr. von H. Bachinger... [et al.]</subfield>
  </datafield>
  <datafield tag="300" ind1=" " ind2=" ">
    <subfield code="a">208 p. :</subfield>
    <subfield code="b">ill. ;</subfield>
    <subfield code="c">21 cm</subfield>
  </datafield>
  <datafield tag="700" ind1="1" ind2=" ">
    <subfield code="0">(RERO)A003228361</subfield>
    <subfield code="a">Fabris, Hans Heinz</subfield>
  </datafield>
  <datafield tag="700" ind1="1" ind2=" ">
    <subfield code="0">(RERO)A002957891</subfield>
    <subfield code="a">Bachinger, Johann</subfield>
  </datafield>
</record>