
<record>
  <leader>00268naa a22000737a 4500</leader>
  <controlfield tag="008">980412s1983    xx ||| |  ||||00|  0eng d</controlfield>
  <datafield tag="035" ind1=" " ind2=" ">
    <subfield code="a">R003424420</subfield>
  </datafield>
  <datafield tag="245" ind1="0" ind2="0">
    <subfield code="a">Minute on the situation in Sri Lanka, by the Sixth Assembly of the WCC, Vancouver 1983</subfield>
  </datafield>
  <datafield tag="773" ind1="1" ind2=" ">
    <subfield code="t">Background information</subfield>
    <subfield code="g">1983, no. 4, p. 41</subfield>
  </datafield>
</record>