
<record>
  <leader>00398nam a2200121 a 4500</leader>
  <controlfield tag="008">000921s1998    fr |||||| ||||00|  |fre d</controlfield>
  <datafield tag="020" ind1=" " ind2=" ">
    <subfield code="a">9782010177668</subfield>
  </datafield>
  <datafield tag="035" ind1=" " ind2=" ">
    <subfield code="a">R270772060</subfield>
  </datafield>
  <datafield tag="100" ind1="1" ind2=" ">
    <subfield code="0">(RERO)A003859900</subfield>
    <subfield code="a">Steele, Ross</subfield>
    <subfield code="4">cre</subfield>
  </datafield>
  <datafield tag="245" ind1="1" ind2="0">
    <subfield code="a">Révisions 3 :</subfield>
    <subfield code="b">350 exercices niveau avancé /</subfield>
    <subfield code="c">Ross Steele, Jane Zemiro.</subfield>
    <subfield code="p">Corrigés</subfield>
  </datafield>
  <datafield tag="300" ind1=" " ind2=" ">
    <subfield code="a">32 p. ;</subfield>
    <subfield code="c">25 cm</subfield>
  </datafield>
  <datafield tag="490" ind1="0" ind2=" ">
    <subfield code="a">Exerçons-nous</subfield>
  </datafield>
  <datafield tag="700" ind1="1" ind2=" ">
    <subfield code="0">(RERO)A003997465</subfield>
    <subfield code="a">Zemiro, Jane</subfield>
  </datafield>
</record>