
<record>
  <leader>00438naa a2200085 a 4500</leader>
  <controlfield tag="008">960525s1977    it |||||| ||||00|| |fre d</controlfield>
  <datafield tag="035" ind1=" " ind2=" ">
    <subfield code="a">0430477</subfield>
  </datafield>
  <datafield tag="100" ind1="1" ind2=" ">
    <subfield code="0">(RERO)A003718994</subfield>
    <subfield code="a">Pérot-Morel, Marie-Angèle</subfield>
    <subfield code="4">cre</subfield>
  </datafield>
  <datafield tag="245" ind1="1" ind2="3">
    <subfield code="a">La présentation distinctive des noms patronymiques utilisés à titre de marque /</subfield>
    <subfield code="c">[Marie-Angèle Perot-Morel]</subfield>
  </datafield>
  <datafield tag="773" ind1="1" ind2=" ">
    <subfield code="t">Problemi attuali del diritto industriale : volume celebrativo del XXV anno della Rivista di diritto industriale</subfield>
    <subfield code="g">P. 847-862</subfield>
  </datafield>
</record>