
<record>
  <leader>00480naa a22000852a 4500</leader>
  <controlfield tag="008">110705s1948    ne |||||| ||||00|  |fre d</controlfield>
  <datafield tag="035" ind1=" " ind2=" ">
    <subfield code="a">R006093322</subfield>
  </datafield>
  <datafield tag="100" ind1="1" ind2=" ">
    <subfield code="0">(RERO)A003579501</subfield>
    <subfield code="a">Meersseman, Gilles Gérard,</subfield>
    <subfield code="d">1903-1988</subfield>
    <subfield code="4">cre</subfield>
  </datafield>
  <datafield tag="245" ind1="1" ind2="0">
    <subfield code="a">De Sententiën Kommentaar [Cod. Brugen. 491] van de Gentse lektor Philip O.P, 1302-4 /</subfield>
    <subfield code="c">Gillis Meersseman</subfield>
  </datafield>
  <datafield tag="773" ind1="1" ind2=" ">
    <subfield code="t">Studia mediaevalia in honorem admodum Reverendi Patris Raymundi Josephi Martin, Ordinis Praedicatorum s. theologiae magistri LXXUM natalem diem agentis</subfield>
    <subfield code="g">1948</subfield>
  </datafield>
</record>