
<record>
  <leader>00287naa a2200085 a 4500</leader>
  <controlfield tag="008">930811s1993    sz |||||| ||||00|| |fre d</controlfield>
  <datafield tag="035" ind1=" " ind2=" ">
    <subfield code="a">1724248</subfield>
  </datafield>
  <datafield tag="100" ind1="1" ind2=" ">
    <subfield code="0">(RERO)A003188947</subfield>
    <subfield code="a">Douillot, F</subfield>
    <subfield code="4">cre</subfield>
  </datafield>
  <datafield tag="245" ind1="1" ind2="2">
    <subfield code="a">L&apos;activité de l&apos;épouse de l&apos;indépendant /</subfield>
    <subfield code="c">par F. Douillot</subfield>
  </datafield>
  <datafield tag="773" ind1="1" ind2=" ">
    <subfield code="t">Steuer Revue = Revue fiscale</subfield>
    <subfield code="g">1993/214</subfield>
  </datafield>
</record>