
<record>
  <leader>00585nam a2200145 a 4500</leader>
  <controlfield tag="008">860924s1979    gw |||||| ||||00|| |ger d</controlfield>
  <datafield tag="020" ind1=" " ind2=" ">
    <subfield code="a">9783883491547</subfield>
  </datafield>
  <datafield tag="035" ind1=" " ind2=" ">
    <subfield code="a">0755988</subfield>
  </datafield>
  <datafield tag="100" ind1="1" ind2=" ">
    <subfield code="0">(RERO)A003681327</subfield>
    <subfield code="a">Perabo, Christa</subfield>
    <subfield code="4">cre</subfield>
  </datafield>
  <datafield tag="245" ind1="1" ind2="0">
    <subfield code="a">Humanisierung der Arbeit :</subfield>
    <subfield code="b">ein Fall sozialdemokratischer Reformpolitik /</subfield>
    <subfield code="c">Christa Perabo</subfield>
  </datafield>
  <datafield tag="300" ind1=" " ind2=" ">
    <subfield code="a">221 S. ;</subfield>
    <subfield code="c">21 cm</subfield>
  </datafield>
  <datafield tag="490" ind1="1" ind2=" ">
    <subfield code="a">Argumentationen</subfield>
    <subfield code="v">Bd. 44</subfield>
  </datafield>
  <datafield tag="610" ind1="2" ind2="7">
    <subfield code="0">(RERO)A009952329</subfield>
    <subfield code="a">Sozialdemokratische Partei Deutschlands (Allemagne)</subfield>
    <subfield code="2">rero</subfield>
  </datafield>
  <datafield tag="650" ind1=" " ind2="7">
    <subfield code="0">(RERO)A010160045</subfield>
    <subfield code="a">travail - humanisation</subfield>
    <subfield code="2">rerovoc</subfield>
  </datafield>
  <datafield tag="651" ind1=" " ind2="7">
    <subfield code="0">(RERO)A009955866</subfield>
    <subfield code="a">Allemagne fédérale</subfield>
    <subfield code="2">rero</subfield>
  </datafield>
</record>