
<record>
  <leader>00371naa a2200085 a 4500</leader>
  <controlfield tag="008">031009s2003    fr ||| |  ||||00|  |fre d</controlfield>
  <datafield tag="035" ind1=" " ind2=" ">
    <subfield code="a">R003420224</subfield>
  </datafield>
  <datafield tag="100" ind1="1" ind2=" ">
    <subfield code="0">(RERO)A003065062</subfield>
    <subfield code="a">Bühler, Theodor,</subfield>
    <subfield code="d">1936-</subfield>
    <subfield code="4">cre</subfield>
  </datafield>
  <datafield tag="245" ind1="1" ind2="2">
    <subfield code="a">L&apos;image comme instrument de la connaissance du formalisme juridique /</subfield>
    <subfield code="c">Theodor Bühler</subfield>
  </datafield>
  <datafield tag="773" ind1="1" ind2=" ">
    <subfield code="t">Résolution des conflits : jalons pour une anthropologie historique du droit</subfield>
    <subfield code="g">235</subfield>
  </datafield>
</record>