
<record>
  <leader>00746nam a2200133 a 4500</leader>
  <controlfield tag="008">960525s1979    gw |||||| ||||00|| |ger d</controlfield>
  <datafield tag="020" ind1=" " ind2=" ">
    <subfield code="a">9783787304646</subfield>
  </datafield>
  <datafield tag="035" ind1=" " ind2=" ">
    <subfield code="a">0407583</subfield>
  </datafield>
  <datafield tag="100" ind1="1" ind2=" ">
    <subfield code="0">(RERO)A003241510</subfield>
    <subfield code="a">Fichte, Johann Gottlieb</subfield>
    <subfield code="4">cre</subfield>
  </datafield>
  <datafield tag="245" ind1="1" ind2="4">
    <subfield code="a">Der geschlossne Handelsstaat :</subfield>
    <subfield code="b">ein philosophischer Entwurf als Anhang zur Rechtslehre, und Probe einer künftig zu liefernden Politik /</subfield>
    <subfield code="c">Johann Gottlieb Fichte ; mit einem bisher unbekannten Manuskript Fichtes &quot;Ueber Staatswirthschaft&quot; auf Grundlage der Ausgabe von Fritz Medicus hrsg. und mit einer Einl. versehen von Hans Hirsch</subfield>
  </datafield>
  <datafield tag="300" ind1=" " ind2=" ">
    <subfield code="a">76, 146 S. ;</subfield>
    <subfield code="c">19 cm</subfield>
  </datafield>
  <datafield tag="490" ind1="1" ind2=" ">
    <subfield code="a">Philosophische Bibliothek</subfield>
    <subfield code="v">Bd. 316</subfield>
  </datafield>
  <datafield tag="700" ind1="1" ind2=" ">
    <subfield code="0">(RERO)A003373879</subfield>
    <subfield code="a">Hirsch, Hans</subfield>
  </datafield>
  <datafield tag="700" ind1="1" ind2="2">
    <subfield code="a">Fichte, Johann Gottlieb. -</subfield>
    <subfield code="t">Ueber Staatswirthschaft</subfield>
  </datafield>
</record>