
<record>
  <leader>00897naa a2200193 a 4500</leader>
  <controlfield tag="008">040115s2003    sz ||| |  ||||00|  |fre d</controlfield>
  <datafield tag="035" ind1=" " ind2=" ">
    <subfield code="a">R003568326</subfield>
  </datafield>
  <datafield tag="100" ind1="1" ind2=" ">
    <subfield code="0">(RERO)A009497857</subfield>
    <subfield code="a">Merlier, Philippe</subfield>
    <subfield code="4">cre</subfield>
  </datafield>
  <datafield tag="245" ind1="1" ind2="3">
    <subfield code="a">La pédagogie de pratique impliquante :</subfield>
    <subfield code="b">un nouveau modèle de formation des cadres /</subfield>
    <subfield code="c">Philippe Merlier, Marc Hitz</subfield>
  </datafield>
  <datafield tag="650" ind1=" " ind2="7">
    <subfield code="0">(RERO)A021002599</subfield>
    <subfield code="a">Personnalité</subfield>
    <subfield code="2">rero</subfield>
  </datafield>
  <datafield tag="650" ind1=" " ind2="7">
    <subfield code="0">(RERO)A009971277</subfield>
    <subfield code="a">cadre (personnel)</subfield>
    <subfield code="2">rerovoc</subfield>
  </datafield>
  <datafield tag="650" ind1=" " ind2="7">
    <subfield code="0">(RERO)A009993464</subfield>
    <subfield code="a">gestion du personnel</subfield>
    <subfield code="2">rerovoc</subfield>
  </datafield>
  <datafield tag="650" ind1=" " ind2="7">
    <subfield code="0">(RERO)A009958173</subfield>
    <subfield code="a">formation (éducation)</subfield>
    <subfield code="2">rerovoc</subfield>
  </datafield>
  <datafield tag="650" ind1=" " ind2="7">
    <subfield code="0">(RERO)A021059431</subfield>
    <subfield code="a">Professionnalisme</subfield>
    <subfield code="2">rero</subfield>
  </datafield>
  <datafield tag="650" ind1=" " ind2="7">
    <subfield code="0">(RERO)A021018580</subfield>
    <subfield code="a">Personnel - Direction</subfield>
    <subfield code="2">rero</subfield>
  </datafield>
  <datafield tag="650" ind1=" " ind2="7">
    <subfield code="0">(RERO)A021003138</subfield>
    <subfield code="a">Cadres (personnel)</subfield>
    <subfield code="2">rero</subfield>
  </datafield>
  <datafield tag="650" ind1=" " ind2="7">
    <subfield code="0">(RERO)A021014566</subfield>
    <subfield code="a">Professions intermédiaires</subfield>
    <subfield code="2">rero</subfield>
  </datafield>
  <datafield tag="700" ind1="1" ind2=" ">
    <subfield code="0">(RERO)A008730755</subfield>
    <subfield code="a">Hitz, Marc</subfield>
  </datafield>
  <datafield tag="773" ind1="1" ind2=" ">
    <subfield code="t">Revue économique et sociale. Lausanne</subfield>
    <subfield code="g">2003/4/77</subfield>
  </datafield>
</record>