
<record>
  <leader>00739nam a22001332a 4500</leader>
  <controlfield tag="008">110218s2004    fr ||| |  ||||00|  |fre d</controlfield>
  <datafield tag="020" ind1=" " ind2=" ">
    <subfield code="a">9782070557127</subfield>
  </datafield>
  <datafield tag="035" ind1=" " ind2=" ">
    <subfield code="a">R006034220</subfield>
  </datafield>
  <datafield tag="041" ind1="1" ind2=" ">
    <subfield code="a">fre</subfield>
    <subfield code="h">eng</subfield>
  </datafield>
  <datafield tag="100" ind1="1" ind2=" ">
    <subfield code="0">(RERO)A018887634</subfield>
    <subfield code="a">Updale, Eleanor</subfield>
    <subfield code="4">cre</subfield>
  </datafield>
  <datafield tag="245" ind1="1" ind2="0">
    <subfield code="a">Montmorency /</subfield>
    <subfield code="c">Eleanor Updale</subfield>
  </datafield>
  <datafield tag="300" ind1=" " ind2=" ">
    <subfield code="a">228 p. :</subfield>
    <subfield code="b">ill. ;</subfield>
    <subfield code="c">18 cm</subfield>
  </datafield>
  <datafield tag="490" ind1="0" ind2=" ">
    <subfield code="a">Folio junior</subfield>
    <subfield code="v">1318</subfield>
  </datafield>
  <datafield tag="520" ind1="8" ind2=" ">
    <subfield code="a">Dans la nuit londonienne en cette fin de XiXe siècle, une ombre surgit du réseau d&apos;égoûts nouvellement construit...  Les policiers, eux, sont perplexes, un mystérieux cambrioleur accumule les forfaits et les bijoux de grandes valeurs, mais reste insaisissable. Et ce Montmorency, élégant personnage qui a élu domicile dans un grand hôtel, qui est-il vraiment ?</subfield>
    <subfield code="9">vdcopp/01.2015</subfield>
  </datafield>
</record>