
<record>
  <leader>00614caa a2200133 a 4500</leader>
  <controlfield tag="008">110720s2011    sz |||||| ||||00|| |fre d</controlfield>
  <datafield tag="035" ind1=" " ind2=" ">
    <subfield code="a">R006108423</subfield>
  </datafield>
  <datafield tag="245" ind1="0" ind2="0">
    <subfield code="a">Mille ans de fraternité dans l&apos;aujourd&apos;hui de la vie de l&apos;hospice /</subfield>
    <subfield code="c">José Mittaz ... [et al.]</subfield>
  </datafield>
  <datafield tag="610" ind1="2" ind2="7">
    <subfield code="0">(RERO)A010090708</subfield>
    <subfield code="a">Hospice du Grand-Saint-Bernard</subfield>
    <subfield code="2">rero</subfield>
  </datafield>
  <datafield tag="650" ind1=" " ind2="7">
    <subfield code="0">(RERO)A021012142</subfield>
    <subfield code="a">Vie religieuse</subfield>
    <subfield code="2">rero</subfield>
  </datafield>
  <datafield tag="655" ind1=" " ind2="7">
    <subfield code="0">(RERO)A022249905</subfield>
    <subfield code="a">[Études diverses]</subfield>
    <subfield code="2">rero</subfield>
  </datafield>
  <datafield tag="655" ind1=" " ind2="7">
    <subfield code="0">(RERO)A010182398</subfield>
    <subfield code="a">[document]</subfield>
    <subfield code="2">rerovoc</subfield>
  </datafield>
  <datafield tag="700" ind1="1" ind2=" ">
    <subfield code="0">(RERO)A006069356</subfield>
    <subfield code="a">Mittaz, José</subfield>
  </datafield>
  <datafield tag="773" ind1="1" ind2=" ">
    <subfield code="t">Mission du Gd St Bernard : [revue missionnaire des Chanoines du Grand-St-Bernard]</subfield>
    <subfield code="g">2011/2/12</subfield>
  </datafield>
</record>