
<record>
  <leader>00687naa a2200145 a 4500</leader>
  <controlfield tag="008">031029s2003    xxu||| |  ||||00|  |eng d</controlfield>
  <datafield tag="035" ind1=" " ind2=" ">
    <subfield code="a">R003531027</subfield>
  </datafield>
  <datafield tag="100" ind1="1" ind2=" ">
    <subfield code="0">(RERO)A009405539</subfield>
    <subfield code="a">Frost, Nicola</subfield>
    <subfield code="4">cre</subfield>
  </datafield>
  <datafield tag="245" ind1="1" ind2="4">
    <subfield code="a">The environment at the periphery :</subfield>
    <subfield code="b">conflicting discourses on the forest in Tanimbar, Eastern Indonesia /</subfield>
    <subfield code="c">Nicola Frost and Rachel Wrangham</subfield>
  </datafield>
  <datafield tag="650" ind1=" " ind2="7">
    <subfield code="0">(RERO)A021065263</subfield>
    <subfield code="a">Ethnologie</subfield>
    <subfield code="2">rero</subfield>
  </datafield>
  <datafield tag="650" ind1=" " ind2="7">
    <subfield code="0">(RERO)A021016564</subfield>
    <subfield code="a">Environnement</subfield>
    <subfield code="2">rero</subfield>
  </datafield>
  <datafield tag="650" ind1=" " ind2="7">
    <subfield code="0">(RERO)A021017050</subfield>
    <subfield code="a">Protection</subfield>
    <subfield code="2">rero</subfield>
  </datafield>
  <datafield tag="651" ind1=" " ind2="7">
    <subfield code="0">(RERO)A010031773</subfield>
    <subfield code="a">Tanimbar (Indonésie)</subfield>
    <subfield code="2">rero</subfield>
  </datafield>
  <datafield tag="700" ind1="1" ind2=" ">
    <subfield code="0">(RERO)A009405542</subfield>
    <subfield code="a">Wrangham, Rachel</subfield>
  </datafield>
  <datafield tag="773" ind1="1" ind2=" ">
    <subfield code="t">Ethnographies of conservation : environmentalism and the distribution of privilege</subfield>
    <subfield code="g">50</subfield>
  </datafield>
</record>