
<record>
  <leader>00639naa a2200145 a 4500</leader>
  <controlfield tag="008">980227s1997    fr ||| |  ||||00|  |fre d</controlfield>
  <datafield tag="035" ind1=" " ind2=" ">
    <subfield code="a">R226412660</subfield>
  </datafield>
  <datafield tag="100" ind1="1" ind2=" ">
    <subfield code="0">(RERO)A003554609</subfield>
    <subfield code="a">Mallet, Julien</subfield>
    <subfield code="4">cre</subfield>
  </datafield>
  <datafield tag="245" ind1="1" ind2="0">
    <subfield code="a">Musique urbaine et construction politique de l&apos;identité en Angola /</subfield>
    <subfield code="c">Julien Mallet</subfield>
  </datafield>
  <datafield tag="650" ind1=" " ind2="7">
    <subfield code="0">(RERO)A022547822</subfield>
    <subfield code="a">20e siècle (milieu)</subfield>
    <subfield code="2">rero</subfield>
  </datafield>
  <datafield tag="650" ind1=" " ind2="7">
    <subfield code="0">(RERO)A021010086</subfield>
    <subfield code="a">Patriotisme</subfield>
    <subfield code="2">rero</subfield>
  </datafield>
  <datafield tag="650" ind1=" " ind2="7">
    <subfield code="0">(RERO)A021002972</subfield>
    <subfield code="a">Villes</subfield>
    <subfield code="2">rero</subfield>
  </datafield>
  <datafield tag="650" ind1=" " ind2="7">
    <subfield code="0">(RERO)A027726593</subfield>
    <subfield code="a">Musique angolaise</subfield>
    <subfield code="2">rero</subfield>
  </datafield>
  <datafield tag="651" ind1=" " ind2="7">
    <subfield code="0">(RERO)A009958039</subfield>
    <subfield code="a">Angola</subfield>
    <subfield code="2">rero</subfield>
  </datafield>
  <datafield tag="773" ind1="1" ind2=" ">
    <subfield code="t">Homme et la société : revue internationale de recherches et de synthèses sociologiques</subfield>
    <subfield code="g">126/37</subfield>
  </datafield>
</record>