
<record>
  <leader>00918naa a2200169 a 4500</leader>
  <controlfield tag="008">110726s2011    sz ||| |  ||||00|  |ger d</controlfield>
  <datafield tag="035" ind1=" " ind2=" ">
    <subfield code="a">R006112028</subfield>
  </datafield>
  <datafield tag="041" ind1="0" ind2=" ">
    <subfield code="a">ger</subfield>
    <subfield code="a">fre</subfield>
  </datafield>
  <datafield tag="100" ind1="1" ind2=" ">
    <subfield code="0">(RERO)A003221774</subfield>
    <subfield code="a">Eschenlohr, Ludwig</subfield>
    <subfield code="4">cre</subfield>
  </datafield>
  <datafield tag="245" ind1="1" ind2="4">
    <subfield code="a">Das Eisengewerbe im Jura :</subfield>
    <subfield code="b">spätmittelalterlicher Werkplatz von Lajoux JU, Envers des Combes /</subfield>
    <subfield code="c">Ludwig Eschenlohr</subfield>
  </datafield>
  <datafield tag="500" ind1=" " ind2=" ">
    <subfield code="a">Texte en allemand avec un résumé en français</subfield>
  </datafield>
  <datafield tag="650" ind1=" " ind2="7">
    <subfield code="0">(RERO)A021065340</subfield>
    <subfield code="a">Artisanat</subfield>
    <subfield code="2">rero</subfield>
  </datafield>
  <datafield tag="650" ind1=" " ind2="7">
    <subfield code="0">(RERO)A021002066</subfield>
    <subfield code="a">Métallurgie</subfield>
    <subfield code="2">rero</subfield>
  </datafield>
  <datafield tag="650" ind1=" " ind2="7">
    <subfield code="0">(RERO)A021101603</subfield>
    <subfield code="a">Archéologie</subfield>
    <subfield code="2">rero</subfield>
  </datafield>
  <datafield tag="650" ind1=" " ind2="7">
    <subfield code="0">(RERO)A021128508</subfield>
    <subfield code="a">Moyen âge</subfield>
    <subfield code="2">rero</subfield>
  </datafield>
  <datafield tag="651" ind1=" " ind2="7">
    <subfield code="0">(RERO)A010105566</subfield>
    <subfield code="a">Lajoux (Suisse, JU)</subfield>
    <subfield code="2">rero</subfield>
  </datafield>
  <datafield tag="773" ind1="1" ind2=" ">
    <subfield code="t">Mittelalter : Zeitschrift des Schweizerischen Burgenvereins = Moyen Age : revue de l&apos;Association suisse châteaux forts = Medioevo : rivista dell&apos;Associazione Svizzera di castelli = Temp medieval : revista da l&apos;Associaziun Svizra da chastels</subfield>
    <subfield code="g">2011/41</subfield>
  </datafield>
</record>