
<record>
  <leader>00355naa a2200085 a 4500</leader>
  <controlfield tag="008">020913s2002    xxk||| |  ||||10|| |eng d</controlfield>
  <datafield tag="035" ind1=" " ind2=" ">
    <subfield code="a">R003240428</subfield>
  </datafield>
  <datafield tag="100" ind1="1" ind2=" ">
    <subfield code="0">(RERO)A008934718</subfield>
    <subfield code="a">Elkner, Julie</subfield>
    <subfield code="4">cre</subfield>
  </datafield>
  <datafield tag="245" ind1="1" ind2="0">
    <subfield code="a">Rethinking Yermolov&apos;s legacy :</subfield>
    <subfield code="b">new patriotic narratives of Russia&apos;s engagement with Chechnya /</subfield>
    <subfield code="c">Julie Elkner</subfield>
  </datafield>
  <datafield tag="773" ind1="1" ind2=" ">
    <subfield code="t">Challenging traditional views of Russian history</subfield>
    <subfield code="g">203</subfield>
  </datafield>
</record>