
<record>
  <leader>00626nam a2200157 a 4500</leader>
  <controlfield tag="008">000921s1994    ja ||| |  ||||00|  |eng d</controlfield>
  <datafield tag="020" ind1=" " ind2=" ">
    <subfield code="a">9784130270298</subfield>
  </datafield>
  <datafield tag="020" ind1=" " ind2=" ">
    <subfield code="a">9780860085027</subfield>
  </datafield>
  <datafield tag="035" ind1=" " ind2=" ">
    <subfield code="a">R270112860</subfield>
  </datafield>
  <datafield tag="041" ind1="1" ind2=" ">
    <subfield code="a">eng</subfield>
    <subfield code="h">jpn</subfield>
  </datafield>
  <datafield tag="100" ind1="1" ind2=" ">
    <subfield code="0">(RERO)A023776791</subfield>
    <subfield code="a">Shibusawa, Eiichi,</subfield>
    <subfield code="d">1840-1931</subfield>
    <subfield code="4">cre</subfield>
  </datafield>
  <datafield tag="245" ind1="1" ind2="4">
    <subfield code="a">The autobiography of Shibusawa Eiichi :</subfield>
    <subfield code="b">from peasant to entrepreneur /</subfield>
    <subfield code="c">transl., with and introd. and notes, by Teruko Craig</subfield>
  </datafield>
  <datafield tag="300" ind1=" " ind2=" ">
    <subfield code="a">XXIII, 192 p. :</subfield>
    <subfield code="b">photogr. ;</subfield>
    <subfield code="c">24 cm</subfield>
  </datafield>
  <datafield tag="500" ind1=" " ind2=" ">
    <subfield code="a">Contient la trad. complète de &quot;Amayo-gatari&quot; ainsi que des extraits de &quot;Kōsei nikki&quot;</subfield>
  </datafield>
  <datafield tag="500" ind1=" " ind2=" ">
    <subfield code="a">Index</subfield>
  </datafield>
  <datafield tag="700" ind1="1" ind2=" ">
    <subfield code="0">(RERO)A003142125</subfield>
    <subfield code="a">Craig, Teruko</subfield>
  </datafield>
</record>