
<record>
  <leader>00204naa a22000737a 4500</leader>
  <controlfield tag="008">980412s1976    xx ||| |  ||||00|  0eng d</controlfield>
  <datafield tag="035" ind1=" " ind2=" ">
    <subfield code="a">R003424825</subfield>
  </datafield>
  <datafield tag="245" ind1="0" ind2="0">
    <subfield code="a">Religion in USSR</subfield>
  </datafield>
  <datafield tag="773" ind1="1" ind2=" ">
    <subfield code="t">Engage/Social Action</subfield>
    <subfield code="g">v. 4 (1976) no. 2/3, p. 31</subfield>
  </datafield>
</record>