
<record>
  <leader>00564ngm a2200145 a 4500</leader>
  <controlfield tag="008">110623s2011    fr ||| |  ||||0 |  |fre d</controlfield>
  <datafield tag="028" ind1="4" ind2="2">
    <subfield code="a">008394</subfield>
  </datafield>
  <datafield tag="035" ind1=" " ind2=" ">
    <subfield code="a">R006084129</subfield>
  </datafield>
  <datafield tag="245" ind1="0" ind2="0">
    <subfield code="a">Sans queue ni tête /</subfield>
    <subfield code="c">un film de Jeanne Labrune ; scénario Jeanne Labrune ... [et al.] ; musique originale André Mergenthaler</subfield>
  </datafield>
  <datafield tag="300" ind1=" " ind2=" ">
    <subfield code="a">1 DVD-vidéo</subfield>
  </datafield>
  <datafield tag="500" ind1=" " ind2=" ">
    <subfield code="a">Une coprod.: Liaison Cinématographique / Samsa Film, 2010</subfield>
  </datafield>
  <datafield tag="500" ind1=" " ind2=" ">
    <subfield code="a">Durée du film: 92 min.</subfield>
  </datafield>
  <datafield tag="520" ind1="8" ind2=" ">
    <subfield code="a">Comédie</subfield>
    <subfield code="9">vsbcvs/12.2015</subfield>
  </datafield>
  <datafield tag="700" ind1="1" ind2=" ">
    <subfield code="0">(RERO)A006348825</subfield>
    <subfield code="a">Labrune, Jeanne</subfield>
  </datafield>
  <datafield tag="700" ind1="1" ind2=" ">
    <subfield code="0">(RERO)A018912935</subfield>
    <subfield code="a">Mergenthaler, André</subfield>
  </datafield>
</record>