
<record>
  <leader>00174nas a2200073 a 4500</leader>
  <controlfield tag="008">960525c1957    gw |||m|| ||||0 || 0ger d</controlfield>
  <datafield tag="035" ind1=" " ind2=" ">
    <subfield code="a">0388195</subfield>
  </datafield>
  <datafield tag="245" ind1="0" ind2="0">
    <subfield code="a">Kleine Bücher Rheinischer Kunst</subfield>
  </datafield>
  <datafield tag="300" ind1=" " ind2=" ">
    <subfield code="c">17 cm</subfield>
  </datafield>
</record>