
<record>
  <leader>00473nam a2200133 a 4500</leader>
  <controlfield tag="008">030909s2003    xxk||| |  ||||00|  |eng d</controlfield>
  <datafield tag="020" ind1=" " ind2=" ">
    <subfield code="a">9780199249053</subfield>
  </datafield>
  <datafield tag="035" ind1=" " ind2=" ">
    <subfield code="a">R003404321</subfield>
  </datafield>
  <datafield tag="100" ind1="1" ind2=" ">
    <subfield code="0">(RERO)A003421596</subfield>
    <subfield code="a">Jasanoff, Jay H</subfield>
    <subfield code="4">cre</subfield>
  </datafield>
  <datafield tag="245" ind1="1" ind2="0">
    <subfield code="a">Hittite and the Indo-European verb /</subfield>
    <subfield code="c">Jay H. Jasanoff</subfield>
  </datafield>
  <datafield tag="300" ind1=" " ind2=" ">
    <subfield code="a">XIV, 270 p. ;</subfield>
    <subfield code="c">25 cm</subfield>
  </datafield>
  <datafield tag="650" ind1=" " ind2="7">
    <subfield code="0">(RERO)A021100925</subfield>
    <subfield code="a">Hittite (langue)</subfield>
    <subfield code="2">rero</subfield>
  </datafield>
  <datafield tag="650" ind1=" " ind2="7">
    <subfield code="0">(RERO)A021096198</subfield>
    <subfield code="a">Verbes</subfield>
    <subfield code="2">rero</subfield>
  </datafield>
  <datafield tag="650" ind1=" " ind2="7">
    <subfield code="0">(RERO)A021023668</subfield>
    <subfield code="a">Indo-européen commun (langue)</subfield>
    <subfield code="2">rero</subfield>
  </datafield>
</record>