
<record>
  <leader>00360naa a22000977a 4500</leader>
  <controlfield tag="008">060329s1963    gw |||||| ||||00|| |ger d</controlfield>
  <datafield tag="035" ind1=" " ind2=" ">
    <subfield code="a">R004099529</subfield>
  </datafield>
  <datafield tag="100" ind1="1" ind2=" ">
    <subfield code="0">(RERO)A012033267</subfield>
    <subfield code="a">Keil, Friedrich</subfield>
    <subfield code="4">cre</subfield>
  </datafield>
  <datafield tag="245" ind1="1" ind2="0">
    <subfield code="a">Untersuchungen zum Perfektgebrauch Herodots /</subfield>
    <subfield code="c">Friedrich Keil</subfield>
  </datafield>
  <datafield tag="500" ind1=" " ind2=" ">
    <subfield code="a">Gekürzte Fassung</subfield>
  </datafield>
  <datafield tag="773" ind1="1" ind2=" ">
    <subfield code="t">Glotta : Zeitschrift für griechische und lateinische Sprache</subfield>
    <subfield code="g">1963/10</subfield>
  </datafield>
</record>