
<record>
  <leader>00389nam a2200133 a 4500</leader>
  <controlfield tag="008">110218s1994    fr ||| |  ||||00|  |fre d</controlfield>
  <datafield tag="020" ind1=" " ind2=" ">
    <subfield code="a">9782277232438</subfield>
  </datafield>
  <datafield tag="035" ind1=" " ind2=" ">
    <subfield code="a">R006028923</subfield>
  </datafield>
  <datafield tag="041" ind1="1" ind2=" ">
    <subfield code="a">fre</subfield>
    <subfield code="h">eng</subfield>
  </datafield>
  <datafield tag="100" ind1="1" ind2=" ">
    <subfield code="0">(RERO)A000098356</subfield>
    <subfield code="a">King, Stephen</subfield>
    <subfield code="4">cre</subfield>
  </datafield>
  <datafield tag="245" ind1="1" ind2="0">
    <subfield code="a">Terres perdues /</subfield>
    <subfield code="c">Stephen King</subfield>
  </datafield>
  <datafield tag="300" ind1=" " ind2=" ">
    <subfield code="a">573 p. ;</subfield>
    <subfield code="c">17 cm</subfield>
  </datafield>
  <datafield tag="490" ind1="1" ind2=" ">
    <subfield code="a">J&apos;ai lu. Science-fiction</subfield>
    <subfield code="v">3243</subfield>
  </datafield>
  <datafield tag="490" ind1="1" ind2=" ">
    <subfield code="a">La tour sombre / Stephen King</subfield>
    <subfield code="v">3</subfield>
  </datafield>
</record>