
<record>
  <leader>00525naa a2200133 a 4500</leader>
  <controlfield tag="008">020725s2001    xxu||| |  ||||00|  |eng d</controlfield>
  <datafield tag="035" ind1=" " ind2=" ">
    <subfield code="a">R003222628</subfield>
  </datafield>
  <datafield tag="100" ind1="1" ind2=" ">
    <subfield code="0">(RERO)A008596721</subfield>
    <subfield code="a">Hill, Ann Maxwell</subfield>
    <subfield code="4">cre</subfield>
  </datafield>
  <datafield tag="245" ind1="1" ind2="0">
    <subfield code="a">Captives, kin, and slaves in Xiao Liangshan /</subfield>
    <subfield code="c">Ann Maxwell Hill</subfield>
  </datafield>
  <datafield tag="650" ind1=" " ind2="7">
    <subfield code="0">(RERO)A021001316</subfield>
    <subfield code="a">Esclavage</subfield>
    <subfield code="2">rero</subfield>
  </datafield>
  <datafield tag="650" ind1=" " ind2="7">
    <subfield code="0">(RERO)A021036993</subfield>
    <subfield code="a">Yi (peuple de Chine)</subfield>
    <subfield code="2">rero</subfield>
  </datafield>
  <datafield tag="651" ind1=" " ind2="7">
    <subfield code="0">(RERO)A009975201</subfield>
    <subfield code="a">Chine</subfield>
    <subfield code="2">rero</subfield>
  </datafield>
  <datafield tag="651" ind1=" " ind2="7">
    <subfield code="0">(RERO)A009975202</subfield>
    <subfield code="a">Chine (république populaire)</subfield>
    <subfield code="2">rero</subfield>
  </datafield>
  <datafield tag="773" ind1="1" ind2=" ">
    <subfield code="t">Journal of Asian studies</subfield>
    <subfield code="g">2001/60/1033</subfield>
  </datafield>
</record>