
<record>
  <leader>00447cam a2200109 a 4500</leader>
  <controlfield tag="008">961207s1971    gw |||||| ||||00|| |ger d</controlfield>
  <datafield tag="020" ind1=" " ind2=" ">
    <subfield code="a">9783428026029</subfield>
  </datafield>
  <datafield tag="035" ind1=" " ind2=" ">
    <subfield code="a">0391794</subfield>
  </datafield>
  <datafield tag="100" ind1="1" ind2=" ">
    <subfield code="0">(RERO)A003721026</subfield>
    <subfield code="a">Quint, Wolfgang</subfield>
    <subfield code="4">cre</subfield>
  </datafield>
  <datafield tag="245" ind1="1" ind2="0">
    <subfield code="a">Souveränitätsbegriff und Souveränitätspolitik in Bayern :</subfield>
    <subfield code="b">von der Mitte des 17. bis zur ersten Hälfte des 19. Jahrhunderts /</subfield>
    <subfield code="c">von Wolfgang Quint</subfield>
  </datafield>
  <datafield tag="300" ind1=" " ind2=" ">
    <subfield code="a">566 p. ;</subfield>
    <subfield code="c">24 cm</subfield>
  </datafield>
  <datafield tag="490" ind1="1" ind2=" ">
    <subfield code="a">Schriften zur Verfassungsgeschichte</subfield>
    <subfield code="v">Bd. 15</subfield>
  </datafield>
</record>