
<record>
  <leader>00470nam a2200121 a 4500</leader>
  <controlfield tag="008">000915s1993    fr |||||| ||||00|  |fre d</controlfield>
  <datafield tag="020" ind1=" " ind2=" ">
    <subfield code="a">9782251012841</subfield>
  </datafield>
  <datafield tag="035" ind1=" " ind2=" ">
    <subfield code="a">R268252960</subfield>
  </datafield>
  <datafield tag="041" ind1="0" ind2=" ">
    <subfield code="a">fre</subfield>
    <subfield code="a">lat</subfield>
  </datafield>
  <datafield tag="100" ind1="1" ind2=" ">
    <subfield code="0">(RERO)A000106164</subfield>
    <subfield code="a">Livius Patavinus, Titus</subfield>
    <subfield code="4">cre</subfield>
  </datafield>
  <datafield tag="245" ind1="1" ind2="0">
    <subfield code="a">Histoire romaine /</subfield>
    <subfield code="c">Tite-Live ; texte établi par Jean Bayet ; et trad. par Gaston Baillet.</subfield>
    <subfield code="n">T. 4,</subfield>
    <subfield code="p">Livre IV</subfield>
  </datafield>
  <datafield tag="300" ind1=" " ind2=" ">
    <subfield code="a">XII, 166 p. dont p. 3-100 avec pag. double. ;</subfield>
    <subfield code="c">20 cm</subfield>
  </datafield>
  <datafield tag="700" ind1="1" ind2=" ">
    <subfield code="0">(RERO)A003331014</subfield>
    <subfield code="a">Guittard, Charles</subfield>
  </datafield>
</record>