
<record>
  <leader>00514nam a2200133 a 4500</leader>
  <controlfield tag="008">960917s1985    fr |||||| ||||00|| |ara d</controlfield>
  <datafield tag="020" ind1=" " ind2=" ">
    <subfield code="a">9782706809170</subfield>
  </datafield>
  <datafield tag="035" ind1=" " ind2=" ">
    <subfield code="a">2258553</subfield>
  </datafield>
  <datafield tag="041" ind1="0" ind2=" ">
    <subfield code="a">ara</subfield>
    <subfield code="a">fre</subfield>
  </datafield>
  <datafield tag="100" ind1="1" ind2=" ">
    <subfield code="0">(RERO)A003916863</subfield>
    <subfield code="a">Tölle, Heidi</subfield>
    <subfield code="4">cre</subfield>
  </datafield>
  <datafield tag="245" ind1="1" ind2="0">
    <subfield code="a">Ataʿallam al-ʿarabiyya :</subfield>
    <subfield code="b">supplément grammatical au &quot;Manuel d&apos;arabe moderne&quot;, premier volume, méthode Reig /</subfield>
    <subfield code="c">Heidi Toelle</subfield>
  </datafield>
  <datafield tag="300" ind1=" " ind2=" ">
    <subfield code="a">77 p. :</subfield>
    <subfield code="b">tabl. ;</subfield>
    <subfield code="c">24 cm</subfield>
  </datafield>
  <datafield tag="650" ind1=" " ind2="7">
    <subfield code="0">(RERO)A021100914</subfield>
    <subfield code="a">Arabe (langue)</subfield>
    <subfield code="2">rero</subfield>
  </datafield>
  <datafield tag="655" ind1=" " ind2="7">
    <subfield code="0">(RERO)A021098695</subfield>
    <subfield code="a">[Manuels d&apos;enseignement]</subfield>
    <subfield code="2">rero</subfield>
  </datafield>
</record>