
<record>
  <leader>00675nam a2200133 a 4500</leader>
  <controlfield tag="008">001229s1997    gw |||||| ||||00|| |ger d</controlfield>
  <datafield tag="020" ind1=" " ind2=" ">
    <subfield code="a">9783579002569</subfield>
  </datafield>
  <datafield tag="035" ind1=" " ind2=" ">
    <subfield code="a">R267082460</subfield>
  </datafield>
  <datafield tag="041" ind1="1" ind2=" ">
    <subfield code="a">ger</subfield>
    <subfield code="a">lat</subfield>
    <subfield code="h">lat</subfield>
  </datafield>
  <datafield tag="100" ind1="1" ind2=" ">
    <subfield code="0">(RERO)A000112813</subfield>
    <subfield code="a">Melanchthon, Philipp</subfield>
    <subfield code="4">cre</subfield>
  </datafield>
  <datafield tag="245" ind1="1" ind2="0">
    <subfield code="a">Loci communes 1521 :</subfield>
    <subfield code="b">lateinisch-deutsch /</subfield>
    <subfield code="c">Philipp Melanchton ; übers. und mit kommentierenden Anmerkungen versehen von Horst Georg Pöhlmann ; hrsg. vom Lutherischen Kirchenamts der Vereinigten Evangelisch-Lutherischen Kirche Deutschlands</subfield>
  </datafield>
  <datafield tag="300" ind1=" " ind2=" ">
    <subfield code="a">396 p. ;</subfield>
    <subfield code="c">25 cm</subfield>
  </datafield>
  <datafield tag="700" ind1="1" ind2=" ">
    <subfield code="0">(RERO)A003717936</subfield>
    <subfield code="a">Pöhlmann, Horst Georg</subfield>
  </datafield>
  <datafield tag="710" ind1="2" ind2=" ">
    <subfield code="0">(RERO)A005426948</subfield>
    <subfield code="a">Vereinigte Evangelisch-Lutherische Kirche Deutschlands.</subfield>
    <subfield code="b">Kirchenamt</subfield>
  </datafield>
</record>