
<record>
  <leader>00486naa a2200097 a 4500</leader>
  <controlfield tag="008">110718 2011    sz ||| |  ||||00|  |fre d</controlfield>
  <datafield tag="035" ind1=" " ind2=" ">
    <subfield code="a">R006105323</subfield>
  </datafield>
  <datafield tag="100" ind1="1" ind2=" ">
    <subfield code="0">(RERO)A005583329</subfield>
    <subfield code="a">Maury, Nicolas</subfield>
    <subfield code="4">cre</subfield>
  </datafield>
  <datafield tag="245" ind1="1" ind2="0">
    <subfield code="a">Rencontre lémanique du troisième type :</subfield>
    <subfield code="b">plongée, notre homme-grenouille d&apos;envoyé spécial s&apos;est immergé dans le lac en compagnie des sous-marins Mir ... /</subfield>
    <subfield code="c">textes: Nicolas Maury ; photos: Jean-Marc Blache</subfield>
  </datafield>
  <datafield tag="520" ind1="8" ind2=" ">
    <subfield code="a">Léman - sous-marin</subfield>
    <subfield code="9">vsbcvs/07.2011</subfield>
  </datafield>
  <datafield tag="773" ind1="1" ind2=" ">
    <subfield code="t">Nouvelliste. 1968-</subfield>
    <subfield code="g">2011/163/2</subfield>
  </datafield>
</record>