
<record>
  <leader>00769nam a2200181 a 4500</leader>
  <controlfield tag="008">001228s1986    sz |||||| ||||00|| |ger d</controlfield>
  <datafield tag="020" ind1=" " ind2=" ">
    <subfield code="a">9782826510154</subfield>
  </datafield>
  <datafield tag="035" ind1=" " ind2=" ">
    <subfield code="a">0719022</subfield>
  </datafield>
  <datafield tag="041" ind1="0" ind2=" ">
    <subfield code="a">ger</subfield>
    <subfield code="a">fre</subfield>
    <subfield code="a">eng</subfield>
  </datafield>
  <datafield tag="100" ind1="1" ind2=" ">
    <subfield code="0">(RERO)A003983695</subfield>
    <subfield code="a">Wolfensberger, Andreas</subfield>
    <subfield code="4">cre</subfield>
  </datafield>
  <datafield tag="245" ind1="1" ind2="0">
    <subfield code="a">Bahnland Schweiz =</subfield>
    <subfield code="b">Suisse pays du rail = Railway paradise Switzerland /</subfield>
    <subfield code="c">photos Andreas Wolfensberger ; text Hans Peter Treichler ; [trad. Kay Gillioz, Michel Thévenaz]</subfield>
  </datafield>
  <datafield tag="300" ind1=" " ind2=" ">
    <subfield code="a">168 p. :</subfield>
    <subfield code="b">ill. ;</subfield>
    <subfield code="c">35 cm</subfield>
  </datafield>
  <datafield tag="500" ind1=" " ind2=" ">
    <subfield code="a">Le dos porte : Schweiz, Suisse, Switzerland</subfield>
  </datafield>
  <datafield tag="650" ind1=" " ind2="7">
    <subfield code="0">(RERO)A021001246</subfield>
    <subfield code="a">Chemins de fer</subfield>
    <subfield code="2">rero</subfield>
  </datafield>
  <datafield tag="651" ind1=" " ind2="7">
    <subfield code="0">(RERO)A010021522</subfield>
    <subfield code="a">Suisse</subfield>
    <subfield code="2">rero</subfield>
  </datafield>
  <datafield tag="700" ind1="1" ind2=" ">
    <subfield code="0">(RERO)A003909384</subfield>
    <subfield code="a">Treichler, Hans Peter</subfield>
  </datafield>
  <datafield tag="700" ind1="1" ind2=" ">
    <subfield code="0">(RERO)A003297073</subfield>
    <subfield code="a">Gillioz, Kay</subfield>
  </datafield>
  <datafield tag="700" ind1="1" ind2=" ">
    <subfield code="0">(RERO)A003900443</subfield>
    <subfield code="a">Thévenaz, Michel</subfield>
  </datafield>
</record>