
<record>
  <leader>01399naa a2200217 a 4500</leader>
  <controlfield tag="008">010505s2000    sz |||||| ||||00|  |ger d</controlfield>
  <datafield tag="035" ind1=" " ind2=" ">
    <subfield code="a">R003033820</subfield>
  </datafield>
  <datafield tag="100" ind1="1" ind2=" ">
    <subfield code="0">(RERO)A012366547</subfield>
    <subfield code="a">Peter, Roger,</subfield>
    <subfield code="c">Dr en droit</subfield>
    <subfield code="4">cre</subfield>
  </datafield>
  <datafield tag="245" ind1="1" ind2="5">
    <subfield code="a">Das (Verwaltungs-)Verfahren bei Zuständigkeitsstreitigkeiten im Leistungsrecht der obligatorischen Unfallversicherung /</subfield>
    <subfield code="c">von Roger Peter</subfield>
  </datafield>
  <datafield tag="650" ind1=" " ind2="7">
    <subfield code="0">jurivoc000024085ger</subfield>
    <subfield code="a">UV</subfield>
    <subfield code="2">jurivoc</subfield>
    <subfield code="9">ger</subfield>
  </datafield>
  <datafield tag="650" ind1=" " ind2="7">
    <subfield code="0">jurivoc000025052ger</subfield>
    <subfield code="a">Versicherer</subfield>
    <subfield code="2">jurivoc</subfield>
    <subfield code="9">ger</subfield>
  </datafield>
  <datafield tag="650" ind1=" " ind2="7">
    <subfield code="0">jurivoc000013096ger</subfield>
    <subfield code="a">Kompetenzkonflikt</subfield>
    <subfield code="2">jurivoc</subfield>
    <subfield code="9">ger</subfield>
  </datafield>
  <datafield tag="650" ind1=" " ind2="7">
    <subfield code="0">jurivoc000027423ger</subfield>
    <subfield code="a">Zuständigkeit</subfield>
    <subfield code="2">jurivoc</subfield>
    <subfield code="9">ger</subfield>
  </datafield>
  <datafield tag="650" ind1=" " ind2="7">
    <subfield code="0">jurivoc000025342ger</subfield>
    <subfield code="a">Verwaltungs- und Verwaltungsgerichtsverfahren</subfield>
    <subfield code="2">jurivoc</subfield>
    <subfield code="9">ger</subfield>
  </datafield>
  <datafield tag="650" ind1=" " ind2="7">
    <subfield code="0">(RERO)A009956251</subfield>
    <subfield code="a">assurance accidents</subfield>
    <subfield code="2">rerovoc</subfield>
  </datafield>
  <datafield tag="650" ind1=" " ind2="7">
    <subfield code="0">(RERO)A010046702</subfield>
    <subfield code="a">assurance obligatoire</subfield>
    <subfield code="2">rerovoc</subfield>
  </datafield>
  <datafield tag="650" ind1=" " ind2="7">
    <subfield code="0">(RERO)A021008942</subfield>
    <subfield code="a">Procédure administrative</subfield>
    <subfield code="2">rero</subfield>
  </datafield>
  <datafield tag="650" ind1=" " ind2="7">
    <subfield code="0">(RERO)A021018229</subfield>
    <subfield code="a">Juridiction</subfield>
    <subfield code="2">rero</subfield>
  </datafield>
  <datafield tag="651" ind1=" " ind2="7">
    <subfield code="0">jurivoc000019912ger</subfield>
    <subfield code="a">Schweiz</subfield>
    <subfield code="2">jurivoc</subfield>
    <subfield code="9">ger</subfield>
  </datafield>
  <datafield tag="651" ind1=" " ind2="7">
    <subfield code="0">(RERO)A010021522</subfield>
    <subfield code="a">Suisse</subfield>
    <subfield code="2">rero</subfield>
  </datafield>
  <datafield tag="773" ind1="1" ind2=" ">
    <subfield code="t">Schweizerische Zeitschrift für Sozialversicherung und berufliche Vorsorge : Publikationsorgan der Konferenz der kantonalen Stiftungsaufsichtsbehörden = Revue suisse des assurances sociales et de la prévoyance professionnelle : organe pour les publications officielles de la conférence des autorités cantonales de surveillance des fondations</subfield>
    <subfield code="g">2000/117</subfield>
  </datafield>
</record>