
<record>
  <leader>00340nam a22001092a 4500</leader>
  <controlfield tag="008">110218s1997    fr ||| |  ||||00|  |fre d</controlfield>
  <datafield tag="020" ind1=" " ind2=" ">
    <subfield code="a">9782263026379</subfield>
  </datafield>
  <datafield tag="035" ind1=" " ind2=" ">
    <subfield code="a">R006030326</subfield>
  </datafield>
  <datafield tag="100" ind1="1" ind2=" ">
    <subfield code="0">(RERO)A005907901</subfield>
    <subfield code="a">Quénet, Jean-François</subfield>
    <subfield code="4">cre</subfield>
  </datafield>
  <datafield tag="245" ind1="1" ind2="3">
    <subfield code="a">Le livre d&apos;or du cyclisme 1997 /</subfield>
    <subfield code="c">Jean-François Quénet</subfield>
  </datafield>
  <datafield tag="300" ind1=" " ind2=" ">
    <subfield code="a">143 p. :</subfield>
    <subfield code="b">ill. ;</subfield>
    <subfield code="c">30 cm</subfield>
  </datafield>
  <datafield tag="490" ind1="0" ind2=" ">
    <subfield code="a">Sports 2027</subfield>
  </datafield>
</record>