
<record>
  <leader>00490naa a2200121 a 4500</leader>
  <controlfield tag="008">030612s2000    xxk||| |  ||||00|  |eng d</controlfield>
  <datafield tag="035" ind1=" " ind2=" ">
    <subfield code="a">R003370325</subfield>
  </datafield>
  <datafield tag="100" ind1="1" ind2=" ">
    <subfield code="0">(RERO)A002921799</subfield>
    <subfield code="a">Alter, Joseph S</subfield>
    <subfield code="4">cre</subfield>
  </datafield>
  <datafield tag="245" ind1="1" ind2="0">
    <subfield code="a">Subaltern bodies and nationalist physiques :</subfield>
    <subfield code="b">Gama the Great and the heroics of Indian wrestling /</subfield>
    <subfield code="c">Joseph S. Alter</subfield>
  </datafield>
  <datafield tag="650" ind1=" " ind2="7">
    <subfield code="0">(RERO)A021001647</subfield>
    <subfield code="a">Corps humain</subfield>
    <subfield code="2">rero</subfield>
  </datafield>
  <datafield tag="650" ind1=" " ind2="7">
    <subfield code="0">(RERO)A021031774</subfield>
    <subfield code="a">Lutteurs</subfield>
    <subfield code="2">rero</subfield>
  </datafield>
  <datafield tag="651" ind1=" " ind2="7">
    <subfield code="0">(RERO)A009998365</subfield>
    <subfield code="a">Inde</subfield>
    <subfield code="2">rero</subfield>
  </datafield>
  <datafield tag="773" ind1="1" ind2=" ">
    <subfield code="t">Body &amp; [and] society</subfield>
    <subfield code="g">2000/6/2/45</subfield>
  </datafield>
</record>