
<record>
  <leader>00396naa a2200097 a 4500</leader>
  <controlfield tag="008">020128s1999    fr ||| |  ||||00|  |fre d</controlfield>
  <datafield tag="035" ind1=" " ind2=" ">
    <subfield code="a">R003142824</subfield>
  </datafield>
  <datafield tag="100" ind1="1" ind2=" ">
    <subfield code="0">(RERO)A003681391</subfield>
    <subfield code="a">Peraya, Daniel</subfield>
    <subfield code="4">cre</subfield>
  </datafield>
  <datafield tag="245" ind1="1" ind2="0">
    <subfield code="a">Vers une sémiotique cognitive /</subfield>
    <subfield code="c">Daniel Peraya, Jean-Pierre Meunier</subfield>
  </datafield>
  <datafield tag="700" ind1="1" ind2=" ">
    <subfield code="0">(RERO)A003588462</subfield>
    <subfield code="a">Meunier, Jean-Pierre</subfield>
  </datafield>
  <datafield tag="773" ind1="1" ind2=" ">
    <subfield code="t">In cognito : revue internationale francophone en sciences cognitives</subfield>
    <subfield code="g">1999/14/1</subfield>
  </datafield>
</record>