
<record>
  <leader>00616nam a2200145 a 4500</leader>
  <controlfield tag="008">940308s1993    xxu|||||| ||||00|| |fre d</controlfield>
  <datafield tag="020" ind1=" " ind2=" ">
    <subfield code="a">9789290450870</subfield>
  </datafield>
  <datafield tag="035" ind1=" " ind2=" ">
    <subfield code="a">1822447</subfield>
  </datafield>
  <datafield tag="100" ind1="1" ind2=" ">
    <subfield code="0">(RERO)A003694588</subfield>
    <subfield code="a">Pilandon, Louis</subfield>
    <subfield code="4">cre</subfield>
  </datafield>
  <datafield tag="245" ind1="1" ind2="0">
    <subfield code="a">Transition vers l&apos;économie de marché des pays &quot;ex de l&apos;Est&quot; /</subfield>
    <subfield code="c">Louis Pilandon</subfield>
  </datafield>
  <datafield tag="300" ind1=" " ind2=" ">
    <subfield code="a">VI, 90 p. ;</subfield>
    <subfield code="c">30 cm</subfield>
  </datafield>
  <datafield tag="490" ind1="1" ind2=" ">
    <subfield code="a">Travaux de recherche / Institut des Nations Unies pour la recherche sur le désarmement</subfield>
    <subfield code="v">n⁰ 23</subfield>
  </datafield>
  <datafield tag="650" ind1=" " ind2="7">
    <subfield code="0">(RERO)A021008657</subfield>
    <subfield code="a">Économie de marché</subfield>
    <subfield code="2">rero</subfield>
  </datafield>
  <datafield tag="650" ind1=" " ind2="7">
    <subfield code="0">(RERO)A009974021</subfield>
    <subfield code="a">changement économique</subfield>
    <subfield code="2">rerovoc</subfield>
  </datafield>
  <datafield tag="651" ind1=" " ind2="7">
    <subfield code="0">(RERO)A009955278</subfield>
    <subfield code="a">Europe orientale</subfield>
    <subfield code="2">rero</subfield>
  </datafield>
</record>