
<record>
  <leader>00260nam a22000972a 4500</leader>
  <controlfield tag="008">110218s1999    fr ||| |  ||||00|  |fre d</controlfield>
  <datafield tag="020" ind1=" " ind2=" ">
    <subfield code="a">9782213602530</subfield>
  </datafield>
  <datafield tag="035" ind1=" " ind2=" ">
    <subfield code="a">R006031627</subfield>
  </datafield>
  <datafield tag="100" ind1="0" ind2=" ">
    <subfield code="0">(RERO)A000130586</subfield>
    <subfield code="a">Pierre,</subfield>
    <subfield code="c">abbé</subfield>
    <subfield code="4">cre</subfield>
  </datafield>
  <datafield tag="245" ind1="1" ind2="0">
    <subfield code="a">Fraternité /</subfield>
    <subfield code="c">Pierre</subfield>
  </datafield>
  <datafield tag="300" ind1=" " ind2=" ">
    <subfield code="a">130 p. ;</subfield>
    <subfield code="c">19 cm</subfield>
  </datafield>
</record>