
<record>
  <leader>00309naa a2200085 a 4500</leader>
  <controlfield tag="008">020118s1998    be |||||| ||||00|| |eng d</controlfield>
  <datafield tag="035" ind1=" " ind2=" ">
    <subfield code="a">R003138723</subfield>
  </datafield>
  <datafield tag="100" ind1="1" ind2=" ">
    <subfield code="0">(RERO)A008674763</subfield>
    <subfield code="a">Dupaigne, Martial</subfield>
    <subfield code="4">cre</subfield>
  </datafield>
  <datafield tag="245" ind1="1" ind2="0">
    <subfield code="a">Capital operating time and economic fluctuations /</subfield>
    <subfield code="c">Martial Dupaigne</subfield>
  </datafield>
  <datafield tag="773" ind1="1" ind2=" ">
    <subfield code="t">Recherches économiques de Louvain</subfield>
    <subfield code="g">1998/243</subfield>
  </datafield>
</record>