
<record>
  <leader>00459nam a2200121 a 4500</leader>
  <controlfield tag="008">000918s1999    it ||| |  ||||00|  |ita d</controlfield>
  <datafield tag="020" ind1=" " ind2=" ">
    <subfield code="a">9788835946755</subfield>
  </datafield>
  <datafield tag="035" ind1=" " ind2=" ">
    <subfield code="a">R270112460</subfield>
  </datafield>
  <datafield tag="100" ind1="1" ind2=" ">
    <subfield code="0">(RERO)A006004727</subfield>
    <subfield code="a">Soda, Antonio</subfield>
    <subfield code="4">cre</subfield>
  </datafield>
  <datafield tag="245" ind1="1" ind2="3">
    <subfield code="a">Le organizzazioni internazionali :</subfield>
    <subfield code="b">politica, economie, società : dizionario /</subfield>
    <subfield code="c">Antonio Soda</subfield>
  </datafield>
  <datafield tag="300" ind1=" " ind2=" ">
    <subfield code="a">143 p. ;</subfield>
    <subfield code="c">18 cm</subfield>
  </datafield>
  <datafield tag="650" ind1=" " ind2="7">
    <subfield code="0">(RERO)A021005786</subfield>
    <subfield code="a">Organisations internationales</subfield>
    <subfield code="2">rero</subfield>
  </datafield>
  <datafield tag="655" ind1=" " ind2="7">
    <subfield code="0">(RERO)A010182394</subfield>
    <subfield code="a">[dictionnaire]</subfield>
    <subfield code="2">rerovoc</subfield>
  </datafield>
</record>