
<record>
  <leader>00326naa a22000857a 4500</leader>
  <controlfield tag="008">040330s2002    sz ||| |  ||||00|  |eng d</controlfield>
  <datafield tag="035" ind1=" " ind2=" ">
    <subfield code="a">R003610924</subfield>
  </datafield>
  <datafield tag="100" ind1="1" ind2=" ">
    <subfield code="0">(RERO)A003641946</subfield>
    <subfield code="a">Niles, Preman D</subfield>
    <subfield code="4">cre</subfield>
  </datafield>
  <datafield tag="245" ind1="1" ind2="0">
    <subfield code="a">Toward the fullness of life :</subfield>
    <subfield code="b">intercontextual relationships in mission /</subfield>
    <subfield code="c">D. Preman Niles</subfield>
  </datafield>
  <datafield tag="773" ind1="1" ind2=" ">
    <subfield code="t">International review of mission</subfield>
    <subfield code="g">2002/471</subfield>
  </datafield>
</record>