
<record>
  <leader>00512nam a2200133 a 4500</leader>
  <controlfield tag="008">010121s1999    gw ||| |  ||||00|  |ger d</controlfield>
  <datafield tag="020" ind1=" " ind2=" ">
    <subfield code="a">9783805319010</subfield>
  </datafield>
  <datafield tag="035" ind1=" " ind2=" ">
    <subfield code="a">R270662160</subfield>
  </datafield>
  <datafield tag="100" ind1="1" ind2=" ">
    <subfield code="0">(RERO)A003018146</subfield>
    <subfield code="a">Boehmer, Rainer Michael</subfield>
    <subfield code="4">cre</subfield>
  </datafield>
  <datafield tag="245" ind1="1" ind2="0">
    <subfield code="a">Uruk :</subfield>
    <subfield code="b">früheste Siegelabrollungen /</subfield>
    <subfield code="c">von Rainer Michael Boehmer</subfield>
  </datafield>
  <datafield tag="300" ind1=" " ind2=" ">
    <subfield code="a">XII, 214 p., 104 p. de pl. :</subfield>
    <subfield code="b">ill. ;</subfield>
    <subfield code="c">36 cm</subfield>
  </datafield>
  <datafield tag="490" ind1="1" ind2=" ">
    <subfield code="a">Ausgrabungen in Uruk-Warka. Endberichte</subfield>
    <subfield code="v">24</subfield>
  </datafield>
  <datafield tag="650" ind1=" " ind2="7">
    <subfield code="0">(RERO)A027728342</subfield>
    <subfield code="a">Sceaux akkadiens</subfield>
    <subfield code="2">rero</subfield>
  </datafield>
  <datafield tag="651" ind1=" " ind2="7">
    <subfield code="0">(RERO)A010015864</subfield>
    <subfield code="a">Ourouk (Irak)</subfield>
    <subfield code="2">rero</subfield>
  </datafield>
</record>