
<record>
  <leader>00979nam a2200205 a 4500</leader>
  <controlfield tag="008">890308s1987    it |||||| ||||00|| |lat d</controlfield>
  <datafield tag="020" ind1=" " ind2=" ">
    <subfield code="a">9788885913004</subfield>
  </datafield>
  <datafield tag="035" ind1=" " ind2=" ">
    <subfield code="a">1087502</subfield>
  </datafield>
  <datafield tag="041" ind1="0" ind2=" ">
    <subfield code="a">lat</subfield>
    <subfield code="a">ita</subfield>
  </datafield>
  <datafield tag="100" ind1="1" ind2=" ">
    <subfield code="0">(RERO)A012516466</subfield>
    <subfield code="a">Giudici, Giovanni Battista de,</subfield>
    <subfield code="c">évêque de Vintimille</subfield>
    <subfield code="4">cre</subfield>
  </datafield>
  <datafield tag="245" ind1="1" ind2="0">
    <subfield code="a">Apologia Iudaeorum ; Invectiva contra Platinam :</subfield>
    <subfield code="b">propaganda antiebraica e polemiche di curia durante il pontificato di Sisto IV (1471-1484) /</subfield>
    <subfield code="c">Battista de&apos; Giudici ; ed., trad. e commento a cura di Diego Quaglioni</subfield>
  </datafield>
  <datafield tag="300" ind1=" " ind2=" ">
    <subfield code="a">171 p. ;</subfield>
    <subfield code="c">17 cm</subfield>
  </datafield>
  <datafield tag="490" ind1="1" ind2=" ">
    <subfield code="a">R.R. inedita</subfield>
    <subfield code="v">1</subfield>
  </datafield>
  <datafield tag="500" ind1=" " ind2=" ">
    <subfield code="a">Texte original latin avec trad. italienne en regard</subfield>
  </datafield>
  <datafield tag="650" ind1=" " ind2="7">
    <subfield code="0">(RERO)A021004830</subfield>
    <subfield code="a">Antisémitisme</subfield>
    <subfield code="2">rero</subfield>
  </datafield>
  <datafield tag="650" ind1=" " ind2="7">
    <subfield code="a">1471-1484</subfield>
    <subfield code="2">rero</subfield>
  </datafield>
  <datafield tag="651" ind1=" " ind2="7">
    <subfield code="0">(RERO)A010160228</subfield>
    <subfield code="a">Trente (Italie, archidiocèse)</subfield>
    <subfield code="2">rero</subfield>
  </datafield>
  <datafield tag="655" ind1=" " ind2="7">
    <subfield code="0">(RERO)A010182398</subfield>
    <subfield code="a">[document]</subfield>
    <subfield code="2">rerovoc</subfield>
  </datafield>
  <datafield tag="700" ind1="1" ind2=" ">
    <subfield code="0">(RERO)A003719665</subfield>
    <subfield code="a">Quaglioni, Diego</subfield>
  </datafield>
  <datafield tag="700" ind1="1" ind2="2">
    <subfield code="a">Giudici, Giovanni Battista de,</subfield>
    <subfield code="c">évêque de Vintimille. -</subfield>
    <subfield code="t">Invectiva contra Platinam</subfield>
  </datafield>
</record>