
<record>
  <leader>00520nam a2200133 a 4500</leader>
  <controlfield tag="008">000922s1985    it |||||| ||||00|| |ita d</controlfield>
  <datafield tag="020" ind1=" " ind2=" ">
    <subfield code="a">9788870581577</subfield>
  </datafield>
  <datafield tag="035" ind1=" " ind2=" ">
    <subfield code="a">0748143</subfield>
  </datafield>
  <datafield tag="100" ind1="1" ind2=" ">
    <subfield code="0">(RERO)A003902306</subfield>
    <subfield code="a">Tinè Bertocchi, Fernanda</subfield>
    <subfield code="4">cre</subfield>
  </datafield>
  <datafield tag="245" ind1="1" ind2="3">
    <subfield code="a">Le necropoli daunie di Ascoli Satriano e Arpi /</subfield>
    <subfield code="c">Fernanda Tinè Bertocchi</subfield>
  </datafield>
  <datafield tag="300" ind1=" " ind2=" ">
    <subfield code="a">318 p. :</subfield>
    <subfield code="b">ill. ;</subfield>
    <subfield code="c">29 cm</subfield>
  </datafield>
  <datafield tag="650" ind1=" " ind2="7">
    <subfield code="0">(RERO)A010013538</subfield>
    <subfield code="a">nécropole italiote daunienne</subfield>
    <subfield code="2">rerovoc</subfield>
  </datafield>
  <datafield tag="651" ind1=" " ind2="7">
    <subfield code="0">(RERO)A010046277</subfield>
    <subfield code="a">Ascoli Satriano (Italie)</subfield>
    <subfield code="2">rero</subfield>
  </datafield>
  <datafield tag="651" ind1=" " ind2="7">
    <subfield code="0">(RERO)A010045525</subfield>
    <subfield code="a">Arpi (Italie)</subfield>
    <subfield code="2">rero</subfield>
  </datafield>
</record>