
<record>
  <leader>00604nam a2200133 a 4500</leader>
  <controlfield tag="008">110815s2010    ua ||| |  ||||00|  |ara d</controlfield>
  <datafield tag="020" ind1=" " ind2=" ">
    <subfield code="a">9789770453056</subfield>
  </datafield>
  <datafield tag="035" ind1=" " ind2=" ">
    <subfield code="a">R006126127</subfield>
  </datafield>
  <datafield tag="100" ind1="1" ind2=" ">
    <subfield code="0">(RERO)A014123047</subfield>
    <subfield code="6">880-01</subfield>
    <subfield code="a">ʿAbd al-Raḥmān, Fāyiz Aḥmad</subfield>
    <subfield code="4">cre</subfield>
  </datafield>
  <datafield tag="245" ind1="1" ind2="3">
    <subfield code="6">880-02</subfield>
    <subfield code="a">al-Jawānib al-Fanniyah li-al-taʾmīn /</subfield>
    <subfield code="c">Fyiz Ahmad Abd al-Rahmān</subfield>
  </datafield>
  <datafield tag="300" ind1=" " ind2=" ">
    <subfield code="a">152 p.</subfield>
  </datafield>
  <datafield tag="880" ind1="1" ind2=" ">
    <subfield code="6">100-01/(3/r</subfield>
    <subfield code="a">عبد الرحمن، فايز أحمد</subfield>
  </datafield>
  <datafield tag="880" ind1="1" ind2="2">
    <subfield code="6">245-02/(3/r</subfield>
    <subfield code="a">الجوانب الفنية للتأمين /</subfield>
    <subfield code="c">فايز أحمد عبد الرحمن</subfield>
  </datafield>
  <datafield tag="880" ind1=" " ind2="1">
    <subfield code="6">264-03/(3/r</subfield>
    <subfield code="a">القاهرة :</subfield>
    <subfield code="b">دار النهضة العربية,</subfield>
    <subfield code="c">2010</subfield>
  </datafield>
</record>