
<record>
  <leader>00431naa a2200085 a 4500</leader>
  <controlfield tag="008">031126s1972    fr ||| |  ||||00|  |fre d</controlfield>
  <datafield tag="035" ind1=" " ind2=" ">
    <subfield code="a">R003547023</subfield>
  </datafield>
  <datafield tag="245" ind1="0" ind2="0">
    <subfield code="a">Epipaléolithique-mésolithique :</subfield>
    <subfield code="b">les armatures non géométriques - 1 /</subfield>
    <subfield code="c">par le Groupe d&apos;étude de l&apos;épipaléolithique-mésolithique</subfield>
  </datafield>
  <datafield tag="710" ind1="2" ind2=" ">
    <subfield code="0">(RERO)A009445686</subfield>
    <subfield code="a">Groupe d&apos;étude de l&apos;épipaléolithique-mésolithique (Paris)</subfield>
  </datafield>
  <datafield tag="773" ind1="1" ind2=" ">
    <subfield code="t">Bulletin de la Société préhistorique française</subfield>
    <subfield code="g">1972/364</subfield>
  </datafield>
</record>