
<record>
  <leader>00373naa a2200085 a 4500</leader>
  <controlfield tag="008">981008s1942    sz ||| |  ||||00|  |ita d</controlfield>
  <datafield tag="035" ind1=" " ind2=" ">
    <subfield code="a">R237292660</subfield>
  </datafield>
  <datafield tag="100" ind1="1" ind2=" ">
    <subfield code="0">(RERO)A003762145</subfield>
    <subfield code="a">Rossi, Felice</subfield>
    <subfield code="4">cre</subfield>
  </datafield>
  <datafield tag="245" ind1="1" ind2="0">
    <subfield code="a">Tariffa portuale bissonese d&apos;un secolo e mezzo fa /</subfield>
    <subfield code="c">F[elice] Rossi</subfield>
  </datafield>
  <datafield tag="773" ind1="1" ind2=" ">
    <subfield code="t">Bollettino storico della Svizzera italiana : pubblicazione trimestrale fondata da Emilio Motta nel 1879</subfield>
    <subfield code="g">1942/134</subfield>
  </datafield>
</record>