
<record>
  <leader>00323nam a2200085 a 4500</leader>
  <controlfield tag="008">951207s1993    cc |||||| ||||00|| |chi d</controlfield>
  <datafield tag="020" ind1=" " ind2=" ">
    <subfield code="a">9787534106477</subfield>
  </datafield>
  <datafield tag="035" ind1=" " ind2=" ">
    <subfield code="a">2120619</subfield>
  </datafield>
  <datafield tag="245" ind1="0" ind2="0">
    <subfield code="a">Flora of Zhejiang /</subfield>
    <subfield code="c">members of ed. board :</subfield>
    <subfield code="b">Wang Jing-xiang ... [et al.].</subfield>
    <subfield code="n">Vol. 6,</subfield>
    <subfield code="p">&apos;Scrophulariaceae&apos; - &apos;Compositae&apos;</subfield>
  </datafield>
  <datafield tag="300" ind1=" " ind2=" ">
    <subfield code="a">390 p., [4] p. de pl. :</subfield>
    <subfield code="b">Ill. ;</subfield>
    <subfield code="c">27 cm</subfield>
  </datafield>
</record>