
<record>
  <leader>00330nam a2200109 a 4500</leader>
  <controlfield tag="008">960525s1982    it |||||| ||||00|| |ita d</controlfield>
  <datafield tag="020" ind1=" " ind2=" ">
    <subfield code="a">9788806053826</subfield>
  </datafield>
  <datafield tag="035" ind1=" " ind2=" ">
    <subfield code="a">0430679</subfield>
  </datafield>
  <datafield tag="100" ind1="1" ind2=" ">
    <subfield code="0">(RERO)A000047522</subfield>
    <subfield code="a">De Carlo, Andrea,</subfield>
    <subfield code="d">1952-</subfield>
    <subfield code="4">cre</subfield>
  </datafield>
  <datafield tag="245" ind1="1" ind2="0">
    <subfield code="a">Uccelli da gabbia e da voliera /</subfield>
    <subfield code="c">Andrea De Carlo</subfield>
  </datafield>
  <datafield tag="300" ind1=" " ind2=" ">
    <subfield code="a">229 p. ;</subfield>
    <subfield code="c">20 cm</subfield>
  </datafield>
  <datafield tag="490" ind1="0" ind2=" ">
    <subfield code="a">Nuovi coralli</subfield>
    <subfield code="v">330</subfield>
  </datafield>
</record>