
<record>
  <leader>00343nam a22000972a 4500</leader>
  <controlfield tag="008">110218s1998    fr ||| |  ||||00|  |fre d</controlfield>
  <datafield tag="020" ind1=" " ind2=" ">
    <subfield code="a">9782259180986</subfield>
  </datafield>
  <datafield tag="035" ind1=" " ind2=" ">
    <subfield code="a">R006031628</subfield>
  </datafield>
  <datafield tag="100" ind1="1" ind2=" ">
    <subfield code="0">(RERO)A003536676</subfield>
    <subfield code="a">Lunel, Pierre</subfield>
    <subfield code="4">cre</subfield>
  </datafield>
  <datafield tag="245" ind1="1" ind2="4">
    <subfield code="a">Les nouveaux rois mages :</subfield>
    <subfield code="b">rencontre avec des êtres de lumière qui nous aident à vivre /</subfield>
    <subfield code="c">Pierre Lunel</subfield>
  </datafield>
  <datafield tag="300" ind1=" " ind2=" ">
    <subfield code="a">256 p. ;</subfield>
    <subfield code="c">23 cm</subfield>
  </datafield>
</record>