
<record>
  <leader>00391naa a2200085 a 4500</leader>
  <controlfield tag="008">060322s1887    fr ||| |  ||||00|  |fre d</controlfield>
  <datafield tag="035" ind1=" " ind2=" ">
    <subfield code="a">R004095028</subfield>
  </datafield>
  <datafield tag="100" ind1="1" ind2=" ">
    <subfield code="0">(RERO)A003294304</subfield>
    <subfield code="a">Giard, Alfred</subfield>
    <subfield code="4">cre</subfield>
  </datafield>
  <datafield tag="245" ind1="1" ind2="0">
    <subfield code="a">Sur la castration parasitaire chez l&apos;Eupagurus Bernhardus Linné et chez la Gebia stellata Montagu /</subfield>
    <subfield code="c">par A. Giard</subfield>
  </datafield>
  <datafield tag="773" ind1="1" ind2=" ">
    <subfield code="t">Comptes rendus hebdomadaires des séances de l&apos;Académie des sciences</subfield>
    <subfield code="g">1887/104/1113</subfield>
  </datafield>
</record>