
<record>
  <leader>00562nam a2200145 a 4500</leader>
  <controlfield tag="008">000912s1999    it ||| |  ||||00|  |ita d</controlfield>
  <datafield tag="020" ind1=" " ind2=" ">
    <subfield code="a">9788814076763</subfield>
  </datafield>
  <datafield tag="035" ind1=" " ind2=" ">
    <subfield code="a">R266342060</subfield>
  </datafield>
  <datafield tag="100" ind1="1" ind2=" ">
    <subfield code="0">(RERO)A002967314</subfield>
    <subfield code="a">Baratta, Roberto</subfield>
    <subfield code="4">cre</subfield>
  </datafield>
  <datafield tag="245" ind1="1" ind2="4">
    <subfield code="a">Gli effetti delle riserve ai trattati /</subfield>
    <subfield code="c">Roberto Baratta</subfield>
  </datafield>
  <datafield tag="300" ind1=" " ind2=" ">
    <subfield code="a">IX, 437 p. ;</subfield>
    <subfield code="c">24 cm</subfield>
  </datafield>
  <datafield tag="490" ind1="1" ind2=" ">
    <subfield code="a">Pubblicazioni della facoltà di giurisprudenza / Università di Macerata. 2a serie</subfield>
    <subfield code="v">95</subfield>
  </datafield>
  <datafield tag="500" ind1=" " ind2=" ">
    <subfield code="a">English summary</subfield>
  </datafield>
  <datafield tag="650" ind1=" " ind2="7">
    <subfield code="0">(RERO)A010024178</subfield>
    <subfield code="a">réserve (clause)</subfield>
    <subfield code="2">rerovoc</subfield>
  </datafield>
  <datafield tag="650" ind1=" " ind2="7">
    <subfield code="0">(RERO)A009950160</subfield>
    <subfield code="a">traité international</subfield>
    <subfield code="2">rerovoc</subfield>
  </datafield>
</record>