
<record>
  <leader>00510naa a2200109 a 4500</leader>
  <controlfield tag="008">000914s2000    sz |||||| ||||00|  |ger d</controlfield>
  <datafield tag="035" ind1=" " ind2=" ">
    <subfield code="a">R267752460</subfield>
  </datafield>
  <datafield tag="100" ind1="1" ind2=" ">
    <subfield code="0">(RERO)A000145215</subfield>
    <subfield code="a">Schmidhofer, Ruth</subfield>
    <subfield code="4">cre</subfield>
  </datafield>
  <datafield tag="245" ind1="1" ind2="0">
    <subfield code="a">Fernöstliches Lebensgefühl :</subfield>
    <subfield code="b">neuestes Projekt von Leo Ruffieux in Giffers /</subfield>
    <subfield code="c">Ruth Schmidhofer</subfield>
  </datafield>
  <datafield tag="610" ind1="2" ind2="7">
    <subfield code="0">(RERO)A010224197</subfield>
    <subfield code="a">Art Galerie 2000 (Giffers)</subfield>
    <subfield code="2">rero</subfield>
  </datafield>
  <datafield tag="655" ind1=" " ind2="7">
    <subfield code="0">(RERO)A009949986</subfield>
    <subfield code="a">[article de documentation locale]</subfield>
    <subfield code="2">rerovoc</subfield>
  </datafield>
  <datafield tag="773" ind1="1" ind2=" ">
    <subfield code="t">Freiburger Nachrichten und Anzeiger für die westliche Schweiz</subfield>
    <subfield code="g">2000/2/28</subfield>
  </datafield>
</record>