
<record>
  <leader>00696nam a2200157 a 4500</leader>
  <controlfield tag="008">000917s2000    gw |||||| ||||00|  |ger d</controlfield>
  <datafield tag="020" ind1=" " ind2=" ">
    <subfield code="a">9783795210045</subfield>
  </datafield>
  <datafield tag="035" ind1=" " ind2=" ">
    <subfield code="a">R269412160</subfield>
  </datafield>
  <datafield tag="100" ind1="1" ind2=" ">
    <subfield code="0">(RERO)A003425954</subfield>
    <subfield code="a">Jira, Martin</subfield>
    <subfield code="4">cre</subfield>
  </datafield>
  <datafield tag="245" ind1="1" ind2="0">
    <subfield code="a">Musikalische Temperaturen und musikalischer Satz in der Klaviermusik von J.S. Bach /</subfield>
    <subfield code="c">Martin Jira</subfield>
  </datafield>
  <datafield tag="300" ind1=" " ind2=" ">
    <subfield code="a">319 S. :</subfield>
    <subfield code="b">Tab. ;</subfield>
    <subfield code="c">24 cm +</subfield>
    <subfield code="e">1 Compact Disc</subfield>
  </datafield>
  <datafield tag="490" ind1="1" ind2=" ">
    <subfield code="a">Würzburger musikhistorische Beiträge</subfield>
    <subfield code="v">Bd. 20</subfield>
  </datafield>
  <datafield tag="600" ind1="1" ind2="7">
    <subfield code="0">(RERO)A010186819</subfield>
    <subfield code="a">Bach, Johann Sebastian - musique pour instrument à clavier</subfield>
    <subfield code="2">rero</subfield>
  </datafield>
  <datafield tag="650" ind1=" " ind2="7">
    <subfield code="0">(RERO)A021062925</subfield>
    <subfield code="a">Composition (musique)</subfield>
    <subfield code="2">rero</subfield>
  </datafield>
  <datafield tag="650" ind1=" " ind2="7">
    <subfield code="0">(RERO)A021009727</subfield>
    <subfield code="a">Tempérament (musique)</subfield>
    <subfield code="2">rero</subfield>
  </datafield>
  <datafield tag="650" ind1=" " ind2="7">
    <subfield code="0">(RERO)A021103163</subfield>
    <subfield code="a">Musique</subfield>
    <subfield code="2">rero</subfield>
  </datafield>
</record>