
<record>
  <leader>00477naa a2200109 a 4500</leader>
  <controlfield tag="008">000922s1927    sz |||||| ||||00|  |fre d</controlfield>
  <datafield tag="035" ind1=" " ind2=" ">
    <subfield code="a">R272002960</subfield>
  </datafield>
  <datafield tag="100" ind1="1" ind2=" ">
    <subfield code="0">(RERO)A000147120</subfield>
    <subfield code="a">Scott, James Brown</subfield>
    <subfield code="4">cre</subfield>
  </datafield>
  <datafield tag="245" ind1="1" ind2="2">
    <subfield code="a">L&apos;Universalité du droit des gens /</subfield>
    <subfield code="c">par James Brown Scott</subfield>
  </datafield>
  <datafield tag="300" ind1=" " ind2=" ">
    <subfield code="a">24 p. ;</subfield>
    <subfield code="c">22 cm</subfield>
  </datafield>
  <datafield tag="500" ind1=" " ind2=" ">
    <subfield code="a">Discours prononcé à la séance solennelle d&apos;ouverture de l&apos;Institut de droit international, à Lausanne, le 24 août 1927</subfield>
  </datafield>
  <datafield tag="500" ind1=" " ind2=" ">
    <subfield code="a">En tête du titre: Institut de droit international</subfield>
  </datafield>
</record>