
<record>
  <leader>00844nam a2200157 a 4500</leader>
  <controlfield tag="008">981015s1997    ru ||| |  ||||00|  |rus d</controlfield>
  <datafield tag="020" ind1=" " ind2=" ">
    <subfield code="a">9785824200607</subfield>
  </datafield>
  <datafield tag="035" ind1=" " ind2=" ">
    <subfield code="a">R237682460</subfield>
  </datafield>
  <datafield tag="100" ind1="1" ind2=" ">
    <subfield code="0">(RERO)A002992294</subfield>
    <subfield code="6">880-01</subfield>
    <subfield code="a">Berberova, Nina Nikolaevna</subfield>
    <subfield code="4">cre</subfield>
  </datafield>
  <datafield tag="245" ind1="1" ind2="0">
    <subfield code="6">880-02</subfield>
    <subfield code="a">Bii︠a︡nkurskie prazdniki ;</subfield>
    <subfield code="b">Rasskazy v izgnanii /</subfield>
    <subfield code="c">Nina Berberova</subfield>
  </datafield>
  <datafield tag="300" ind1=" " ind2=" ">
    <subfield code="a">461 p. ;</subfield>
    <subfield code="c">21 cm</subfield>
  </datafield>
  <datafield tag="700" ind1="1" ind2="2">
    <subfield code="6">880-04</subfield>
    <subfield code="a">Berberova, Nina Nikolaevna. -</subfield>
    <subfield code="t">Rasskazy v izgnanii</subfield>
  </datafield>
  <datafield tag="880" ind1="1" ind2=" ">
    <subfield code="6">100-01/(N</subfield>
    <subfield code="a">Берберова, Нина Николаевна</subfield>
  </datafield>
  <datafield tag="880" ind1="1" ind2="0">
    <subfield code="6">245-02/(N</subfield>
    <subfield code="a">Биянкурские праздники ;</subfield>
    <subfield code="b">Рассказы в изгнании /</subfield>
    <subfield code="c">Нина Берберова</subfield>
  </datafield>
  <datafield tag="880" ind1="1" ind2="2">
    <subfield code="6">700-04/(N</subfield>
    <subfield code="a">Берберова, Нина Николаевна. -</subfield>
    <subfield code="t">Рассказы в изгнании</subfield>
  </datafield>
  <datafield tag="880" ind1=" " ind2="1">
    <subfield code="6">264-03/(N</subfield>
    <subfield code="a">Москва :</subfield>
    <subfield code="b">Изд-во имени Сабашниковых,</subfield>
    <subfield code="c">1997</subfield>
  </datafield>
</record>