
<record>
  <leader>00607nam a2200157 a 4500</leader>
  <controlfield tag="008">000917s1998    xxu||| |  ||||00|  |eng d</controlfield>
  <datafield tag="020" ind1=" " ind2=" ">
    <subfield code="a">9780195063912</subfield>
  </datafield>
  <datafield tag="035" ind1=" " ind2=" ">
    <subfield code="a">R267662160</subfield>
  </datafield>
  <datafield tag="100" ind1="1" ind2=" ">
    <subfield code="0">(RERO)A003495693</subfield>
    <subfield code="a">Lansing, Carol,</subfield>
    <subfield code="d">1951-</subfield>
    <subfield code="4">cre</subfield>
  </datafield>
  <datafield tag="245" ind1="1" ind2="0">
    <subfield code="a">Power &amp; [and] purity :</subfield>
    <subfield code="b">Cathar heresy in medieval Italy /</subfield>
    <subfield code="c">Carol Lansing</subfield>
  </datafield>
  <datafield tag="300" ind1=" " ind2=" ">
    <subfield code="a">X, 267 p. :</subfield>
    <subfield code="b">ill. ;</subfield>
    <subfield code="c">22 cm</subfield>
  </datafield>
  <datafield tag="650" ind1=" " ind2="7">
    <subfield code="0">(RERO)A021003142</subfield>
    <subfield code="a">Cathares</subfield>
    <subfield code="2">rero</subfield>
  </datafield>
  <datafield tag="650" ind1=" " ind2="7">
    <subfield code="0">(RERO)A010094882</subfield>
    <subfield code="a">hérésie - répression</subfield>
    <subfield code="2">rerovoc</subfield>
  </datafield>
  <datafield tag="650" ind1=" " ind2="7">
    <subfield code="0">(RERO)A021005012</subfield>
    <subfield code="a">Inquisition</subfield>
    <subfield code="2">rero</subfield>
  </datafield>
  <datafield tag="650" ind1=" " ind2="7">
    <subfield code="0">(RERO)A021017914</subfield>
    <subfield code="a">13e siècle</subfield>
    <subfield code="2">rero</subfield>
  </datafield>
  <datafield tag="651" ind1=" " ind2="7">
    <subfield code="0">(RERO)A010126504</subfield>
    <subfield code="a">Orvieto (Italie)</subfield>
    <subfield code="2">rero</subfield>
  </datafield>
</record>