
<record>
  <leader>00432naa a2200097 a 4500</leader>
  <controlfield tag="008">030505s1966    fr |||||| ||||00|| |fre d</controlfield>
  <datafield tag="035" ind1=" " ind2=" ">
    <subfield code="a">R003351723</subfield>
  </datafield>
  <datafield tag="100" ind1="1" ind2=" ">
    <subfield code="0">(RERO)A003332331</subfield>
    <subfield code="a">Gurvitch, Georges</subfield>
    <subfield code="4">cre</subfield>
  </datafield>
  <datafield tag="245" ind1="1" ind2="0">
    <subfield code="a">Mon itinéraire intellectuel :</subfield>
    <subfield code="b">ou l&apos;exclu de la horde /</subfield>
    <subfield code="c">par Georges Gurvitch</subfield>
  </datafield>
  <datafield tag="600" ind1="1" ind2="7">
    <subfield code="0">(RERO)A010092598</subfield>
    <subfield code="a">Gurvitch, Georges</subfield>
    <subfield code="2">rero</subfield>
  </datafield>
  <datafield tag="773" ind1="1" ind2=" ">
    <subfield code="t">Homme et la société : revue internationale de recherches et de synthèses sociologiques</subfield>
    <subfield code="g">1966/1/3</subfield>
  </datafield>
</record>