
<record>
  <leader>00453naa a22000977a 4500</leader>
  <controlfield tag="008">980412nuuuu    xx ||| |  ||||00|  0eng d</controlfield>
  <datafield tag="035" ind1=" " ind2=" ">
    <subfield code="a">R003431222</subfield>
  </datafield>
  <datafield tag="100" ind1="1" ind2=" ">
    <subfield code="0">(RERO)A011514244</subfield>
    <subfield code="a">Kissack, Reginald</subfield>
    <subfield code="4">cre</subfield>
  </datafield>
  <datafield tag="245" ind1="1" ind2="0">
    <subfield code="a">Doctrine of intention and the ecumenical problem :</subfield>
    <subfield code="b">a tentative inquiry /</subfield>
    <subfield code="c">R. Kissack ; reply by H. Cooper</subfield>
  </datafield>
  <datafield tag="700" ind1="1" ind2=" ">
    <subfield code="0">(RERO)A011514246</subfield>
    <subfield code="a">Cooper, Henry</subfield>
  </datafield>
  <datafield tag="773" ind1="1" ind2=" ">
    <subfield code="t">London quarterly and Holborn review</subfield>
    <subfield code="g">v. 190 (April 1965) p. 120-130 and v. 190 (April 1965) p. 130-132</subfield>
  </datafield>
</record>