
<record>
  <leader>00424nas a2200121 a 4500</leader>
  <controlfield tag="008">960525d19701975ne |||p|| ||||0 || 0eng d</controlfield>
  <datafield tag="035" ind1=" " ind2=" ">
    <subfield code="a">0367578</subfield>
  </datafield>
  <datafield tag="041" ind1="0" ind2=" ">
    <subfield code="a">eng</subfield>
    <subfield code="a">fre</subfield>
  </datafield>
  <datafield tag="245" ind1="0" ind2="0">
    <subfield code="a">Bulletin antieke beschaving :</subfield>
    <subfield code="b">orgaan van de Vereeniging antieke beschaving</subfield>
  </datafield>
  <datafield tag="300" ind1=" " ind2=" ">
    <subfield code="c">28 cm</subfield>
  </datafield>
  <datafield tag="650" ind1=" " ind2="7">
    <subfield code="0">(RERO)A021101603</subfield>
    <subfield code="a">Archéologie</subfield>
    <subfield code="2">rero</subfield>
  </datafield>
  <datafield tag="655" ind1=" " ind2="7">
    <subfield code="0">(RERO)A021002597</subfield>
    <subfield code="a">[Périodiques]</subfield>
    <subfield code="2">rero</subfield>
  </datafield>
  <datafield tag="710" ind1="2" ind2=" ">
    <subfield code="0">(RERO)A000171735</subfield>
    <subfield code="a">Vereeniging Antieke Beschaving (Leiden)</subfield>
  </datafield>
</record>