
<record>
  <leader>00922naa a2200181 a 4500</leader>
  <controlfield tag="008">110627s2011    sz ||| |  ||||00|  |ger d</controlfield>
  <datafield tag="035" ind1=" " ind2=" ">
    <subfield code="a">R006087528</subfield>
  </datafield>
  <datafield tag="100" ind1="1" ind2=" ">
    <subfield code="0">(RERO)A003821933</subfield>
    <subfield code="a">Senn, Mischa Charles</subfield>
    <subfield code="4">cre</subfield>
  </datafield>
  <datafield tag="245" ind1="1" ind2="0">
    <subfield code="a">Publikumsschutz und Leitbild des Medienkonsumenten /</subfield>
    <subfield code="c">Mischa Senn</subfield>
  </datafield>
  <datafield tag="500" ind1=" " ind2=" ">
    <subfield code="a">Deutscher Text mit Zusfassung in Deutsch, Franz. und Engl.</subfield>
  </datafield>
  <datafield tag="500" ind1=" " ind2=" ">
    <subfield code="a">Existiert auch in elektronischer Form</subfield>
  </datafield>
  <datafield tag="650" ind1=" " ind2="7">
    <subfield code="0">jurivoc000003481ger</subfield>
    <subfield code="a">Beschwerdeinstanz für Radio und Fernsehen</subfield>
    <subfield code="2">jurivoc</subfield>
    <subfield code="9">ger</subfield>
  </datafield>
  <datafield tag="650" ind1=" " ind2="7">
    <subfield code="0">jurivoc000017115ger</subfield>
    <subfield code="a">Persönlichkeitsschutz</subfield>
    <subfield code="2">jurivoc</subfield>
    <subfield code="9">ger</subfield>
  </datafield>
  <datafield tag="650" ind1=" " ind2="7">
    <subfield code="0">jurivoc000027405ger</subfield>
    <subfield code="a">Zuschauer</subfield>
    <subfield code="2">jurivoc</subfield>
    <subfield code="9">ger</subfield>
  </datafield>
  <datafield tag="650" ind1=" " ind2="7">
    <subfield code="0">jurivoc000014784ger</subfield>
    <subfield code="a">Medien</subfield>
    <subfield code="2">jurivoc</subfield>
    <subfield code="9">ger</subfield>
  </datafield>
  <datafield tag="650" ind1=" " ind2="7">
    <subfield code="0">jurivoc000003460ger</subfield>
    <subfield code="a">Beschwerde im Radio- und Fernsehrecht</subfield>
    <subfield code="2">jurivoc</subfield>
    <subfield code="9">ger</subfield>
  </datafield>
  <datafield tag="651" ind1=" " ind2="7">
    <subfield code="0">jurivoc000019912ger</subfield>
    <subfield code="a">Schweiz</subfield>
    <subfield code="2">jurivoc</subfield>
    <subfield code="9">ger</subfield>
  </datafield>
  <datafield tag="773" ind1="1" ind2=" ">
    <subfield code="t">Medialex : revue de droit de la communication = Zeitschrift für Kommunikationsrecht</subfield>
    <subfield code="g">2011/80</subfield>
  </datafield>
</record>