
<record>
  <leader>00599ncm a2200145 a 4500</leader>
  <controlfield tag="008">000908s1955    gw |||||| |||||||  |ger d</controlfield>
  <datafield tag="028" ind1="3" ind2="2">
    <subfield code="a">EP 3335a</subfield>
  </datafield>
  <datafield tag="028" ind1="2" ind2="2">
    <subfield code="a">10041</subfield>
  </datafield>
  <datafield tag="035" ind1=" " ind2=" ">
    <subfield code="a">R263352860</subfield>
  </datafield>
  <datafield tag="100" ind1="1" ind2=" ">
    <subfield code="0">(RERO)A000015097</subfield>
    <subfield code="a">Bach, Johann Sebastian</subfield>
    <subfield code="4">cre</subfield>
  </datafield>
  <datafield tag="245" ind1="1" ind2="0">
    <subfield code="a">Fünfzehn Arien aus Kantaten für Sopran /</subfield>
    <subfield code="c">Joh. Seb. Bach ; ausgewählt von Karl Straube ; hrsg. von Max Schneider</subfield>
  </datafield>
  <datafield tag="300" ind1=" " ind2=" ">
    <subfield code="a">1 réduction (96 p.) ;</subfield>
    <subfield code="c">27 cm</subfield>
  </datafield>
  <datafield tag="700" ind1="1" ind2=" ">
    <subfield code="0">(RERO)A003868996</subfield>
    <subfield code="a">Straube, Karl</subfield>
  </datafield>
  <datafield tag="700" ind1="1" ind2=" ">
    <subfield code="0">(RERO)A012323210</subfield>
    <subfield code="a">Schneider, Max,</subfield>
    <subfield code="d">1875-1967</subfield>
  </datafield>
  <datafield tag="700" ind1="1" ind2="2">
    <subfield code="a">Bach, Johann Sebastian. -</subfield>
    <subfield code="t">Cantates</subfield>
    <subfield code="h">[Musique imprimée].</subfield>
    <subfield code="k">Extraits.</subfield>
    <subfield code="o">Réduction</subfield>
  </datafield>
</record>