
<record>
  <leader>00367cam a2200121 a 4500</leader>
  <controlfield tag="008">860429s1980    sp |||||| ||||00|| |spa d</controlfield>
  <datafield tag="020" ind1=" " ind2=" ">
    <subfield code="a">9788432203213</subfield>
  </datafield>
  <datafield tag="035" ind1=" " ind2=" ">
    <subfield code="a">0706046</subfield>
  </datafield>
  <datafield tag="100" ind1="1" ind2=" ">
    <subfield code="0">(RERO)A000121444</subfield>
    <subfield code="a">Neruda, Pablo,</subfield>
    <subfield code="d">1904-1973</subfield>
    <subfield code="4">cre</subfield>
  </datafield>
  <datafield tag="245" ind1="1" ind2="0">
    <subfield code="a">Cantos ceremoniales /</subfield>
    <subfield code="c">Pablo Neruda</subfield>
  </datafield>
  <datafield tag="300" ind1=" " ind2=" ">
    <subfield code="a">109 p. ;</subfield>
    <subfield code="c">20 cm</subfield>
  </datafield>
  <datafield tag="490" ind1="1" ind2=" ">
    <subfield code="a">Obras de Pablo Neruda</subfield>
  </datafield>
  <datafield tag="490" ind1="1" ind2=" ">
    <subfield code="a">Biblioteca breve</subfield>
    <subfield code="v">410. Poesía</subfield>
  </datafield>
</record>