
<record>
  <leader>00634nam a2200133 a 4500</leader>
  <controlfield tag="008">000926s1999    cc ||| |  ||||00|  |chi d</controlfield>
  <datafield tag="020" ind1=" " ind2=" ">
    <subfield code="a">9787030074447</subfield>
  </datafield>
  <datafield tag="035" ind1=" " ind2=" ">
    <subfield code="a">R273852960</subfield>
  </datafield>
  <datafield tag="041" ind1="0" ind2=" ">
    <subfield code="a">chi</subfield>
    <subfield code="a">lat</subfield>
  </datafield>
  <datafield tag="245" ind1="0" ind2="0">
    <subfield code="a">Flora Reipublicae popularis sinicae :</subfield>
    <subfield code="b">delectis florae Reipublicae popularis sinicae /</subfield>
    <subfield code="c">Agendae Academiae Sinicae edita.</subfield>
    <subfield code="n">Tomus 78 (2),</subfield>
    <subfield code="p">&apos;Angiospermae&apos; : &apos;Dicotyledoneae&apos; : &apos;Compositae&apos; (8) : &apos;Cynareae&apos; / red. Chen Yiling et Shih Chu</subfield>
  </datafield>
  <datafield tag="300" ind1=" " ind2=" ">
    <subfield code="a">X, 243 p. :</subfield>
    <subfield code="b">ill. ;</subfield>
    <subfield code="c">27 cm</subfield>
  </datafield>
  <datafield tag="650" ind1=" " ind2="7">
    <subfield code="0">(RERO)A023410150</subfield>
    <subfield code="a">Compositae [Taxonomie]</subfield>
    <subfield code="2">rero</subfield>
  </datafield>
  <datafield tag="651" ind1=" " ind2="7">
    <subfield code="0">(RERO)A009975202</subfield>
    <subfield code="a">Chine (république populaire)</subfield>
    <subfield code="2">rero</subfield>
  </datafield>
  <datafield tag="700" ind1="1" ind2=" ">
    <subfield code="0">(RERO)A005818603</subfield>
    <subfield code="a">Chen, Yiling</subfield>
  </datafield>
</record>