
<record>
  <leader>00503nam a2200133 a 4500</leader>
  <controlfield tag="008">000916s2000    xxc||| |  ||||00|  |fre d</controlfield>
  <datafield tag="020" ind1=" " ind2=" ">
    <subfield code="a">9782760623484</subfield>
  </datafield>
  <datafield tag="035" ind1=" " ind2=" ">
    <subfield code="a">R268362460</subfield>
  </datafield>
  <datafield tag="245" ind1="0" ind2="3">
    <subfield code="a">Le sens (du) commun :</subfield>
    <subfield code="b">histoire, théorie et lecture de la topique /</subfield>
    <subfield code="c">présentation: Éric Méchoulan</subfield>
  </datafield>
  <datafield tag="300" ind1=" " ind2=" ">
    <subfield code="a">197 p. ;</subfield>
    <subfield code="c">22 cm</subfield>
  </datafield>
  <datafield tag="490" ind1="1" ind2=" ">
    <subfield code="a">Etudes françaises</subfield>
    <subfield code="v">36, 1</subfield>
  </datafield>
  <datafield tag="650" ind1=" " ind2="7">
    <subfield code="0">(RERO)A010033600</subfield>
    <subfield code="a">topique (philosophie)</subfield>
    <subfield code="2">rerovoc</subfield>
  </datafield>
  <datafield tag="655" ind1=" " ind2="7">
    <subfield code="0">(RERO)A022249905</subfield>
    <subfield code="a">[Études diverses]</subfield>
    <subfield code="2">rero</subfield>
  </datafield>
  <datafield tag="700" ind1="1" ind2=" ">
    <subfield code="0">(RERO)A005972232</subfield>
    <subfield code="a">Méchoulan, Eric</subfield>
  </datafield>
</record>