
<record>
  <leader>00353naa a22000852a 4500</leader>
  <controlfield tag="008">931223s1881    sz |||||| ||||00|| |ita d</controlfield>
  <datafield tag="035" ind1=" " ind2=" ">
    <subfield code="a">1789021</subfield>
  </datafield>
  <datafield tag="100" ind1="1" ind2=" ">
    <subfield code="0">(RERO)A003000050</subfield>
    <subfield code="a">Bertoni, Brenno</subfield>
    <subfield code="4">cre</subfield>
  </datafield>
  <datafield tag="245" ind1="1" ind2="0">
    <subfield code="a">Note sulla Valle di Blenio /</subfield>
    <subfield code="c">Brenno Bertoni</subfield>
  </datafield>
  <datafield tag="773" ind1="1" ind2=" ">
    <subfield code="t">Bollettino storico della Svizzera italiana : pubblicazione trimestrale fondata da Emilio Motta nel 1879</subfield>
    <subfield code="g">1881/277-279</subfield>
  </datafield>
</record>