
<record>
  <leader>00405nam a2200109 a 4500</leader>
  <controlfield tag="008">000913s1997    fr |||||| ||||00|  |fre d</controlfield>
  <datafield tag="020" ind1=" " ind2=" ">
    <subfield code="a">9782278040223</subfield>
  </datafield>
  <datafield tag="035" ind1=" " ind2=" ">
    <subfield code="a">R267002360</subfield>
  </datafield>
  <datafield tag="245" ind1="0" ind2="0">
    <subfield code="a">Libre échange 2.</subfield>
    <subfield code="p">Méthode de français /</subfield>
    <subfield code="c">Janine Courtillon, Geneviève-Dominique de Salins</subfield>
  </datafield>
  <datafield tag="300" ind1=" " ind2=" ">
    <subfield code="a">271 p. :</subfield>
    <subfield code="b">ill. ;</subfield>
    <subfield code="c">28 cm</subfield>
  </datafield>
  <datafield tag="700" ind1="1" ind2=" ">
    <subfield code="0">(RERO)A003140359</subfield>
    <subfield code="a">Courtillon, Janine</subfield>
  </datafield>
  <datafield tag="700" ind1="1" ind2=" ">
    <subfield code="0">(RERO)A003780365</subfield>
    <subfield code="a">Salins, Geneviève-Dominique de</subfield>
  </datafield>
</record>