
<record>
  <leader>00288naa a22000732a 4500</leader>
  <controlfield tag="008">940119s1921    sz |||||| ||||00|| |ita d</controlfield>
  <datafield tag="035" ind1=" " ind2=" ">
    <subfield code="a">1799173</subfield>
  </datafield>
  <datafield tag="245" ind1="0" ind2="3">
    <subfield code="a">Il maresciallo Trivulzio a Coira [1513]</subfield>
  </datafield>
  <datafield tag="773" ind1="1" ind2=" ">
    <subfield code="t">Bollettino storico della Svizzera italiana : pubblicazione trimestrale fondata da Emilio Motta nel 1879</subfield>
    <subfield code="g">1921/16</subfield>
  </datafield>
</record>