
<record>
  <leader>00468ncm a22001097a 4500</leader>
  <controlfield tag="008">110628q9999    fr ||| |  ||||0||  |fre d</controlfield>
  <datafield tag="035" ind1=" " ind2=" ">
    <subfield code="a">R006088227</subfield>
  </datafield>
  <datafield tag="100" ind1="1" ind2=" ">
    <subfield code="0">(RERO)A013833521</subfield>
    <subfield code="a">Schwingrouber, Michel</subfield>
    <subfield code="4">cre</subfield>
  </datafield>
  <datafield tag="245" ind1="1" ind2="3">
    <subfield code="a">Le fauteuil d&apos;à côté /</subfield>
    <subfield code="c">par. &amp; mus.: Michel Schwingrouber</subfield>
  </datafield>
  <datafield tag="300" ind1=" " ind2=" ">
    <subfield code="a">1 partition de choeur (3 p.)</subfield>
  </datafield>
  <datafield tag="490" ind1="0" ind2=" ">
    <subfield code="a">Chanson contemporaine</subfield>
  </datafield>
  <datafield tag="520" ind1="8" ind2=" ">
    <subfield code="a">Voix: Choeur mixte (4 SAdivTB) ; Accompagnement: Accords ; Langue: Français, Anglais ; Epoque: Contemporain</subfield>
    <subfield code="9">vsbcvs/2013.03</subfield>
  </datafield>
</record>