
<record>
  <leader>00189nas a22000617a 4500</leader>
  <controlfield tag="008">000915u        gw |||m|| ||||0 || 0ger d</controlfield>
  <datafield tag="035" ind1=" " ind2=" ">
    <subfield code="a">R268262260</subfield>
  </datafield>
  <datafield tag="245" ind1="0" ind2="0">
    <subfield code="a">Wissenschaftliche Bücherei.</subfield>
    <subfield code="p">Abt. 5, Messung akustischer Grössen</subfield>
  </datafield>
</record>