
<record>
  <leader>00540naa a2200121 a 4500</leader>
  <controlfield tag="008">980115s1995    au ||| |  ||||00|  |ger d</controlfield>
  <datafield tag="035" ind1=" " ind2=" ">
    <subfield code="a">R224192660</subfield>
  </datafield>
  <datafield tag="100" ind1="1" ind2=" ">
    <subfield code="0">(RERO)A003707296</subfield>
    <subfield code="a">Potacs, Michael</subfield>
    <subfield code="4">cre</subfield>
  </datafield>
  <datafield tag="245" ind1="1" ind2="0">
    <subfield code="a">Zur Auslegung belastender Verwaltungsvorschriften /</subfield>
    <subfield code="c">Michael Potacs</subfield>
  </datafield>
  <datafield tag="650" ind1=" " ind2="7">
    <subfield code="0">(RERO)A021015859</subfield>
    <subfield code="a">Droit administratif</subfield>
    <subfield code="2">rero</subfield>
  </datafield>
  <datafield tag="650" ind1=" " ind2="7">
    <subfield code="0">(RERO)A021066636</subfield>
    <subfield code="a">Légalité</subfield>
    <subfield code="2">rero</subfield>
  </datafield>
  <datafield tag="651" ind1=" " ind2="7">
    <subfield code="0">(RERO)A009955875</subfield>
    <subfield code="a">Autriche</subfield>
    <subfield code="2">rero</subfield>
  </datafield>
  <datafield tag="773" ind1="1" ind2=" ">
    <subfield code="t">Grundfragen und aktuelle Probleme des öffentlichen Rechts : Festschrift für Heinz Peter Rill zum 60. Geburtstag</subfield>
    <subfield code="g">569</subfield>
  </datafield>
</record>