
<record>
  <leader>00810naa a2200109 a 4500</leader>
  <controlfield tag="008">940413s1993    sz |||||| ||||00|| |ger d</controlfield>
  <datafield tag="035" ind1=" " ind2=" ">
    <subfield code="a">1837804</subfield>
  </datafield>
  <datafield tag="100" ind1="1" ind2=" ">
    <subfield code="0">(RERO)A003530768</subfield>
    <subfield code="a">Lorandi, Franco</subfield>
    <subfield code="4">cre</subfield>
  </datafield>
  <datafield tag="245" ind1="1" ind2="0">
    <subfield code="a">Schlaglicht auf den Stand der SchKG-Revision :</subfield>
    <subfield code="b">unentgeltliche Prozessführung für die Konkursmasse knapp beschlossen /</subfield>
    <subfield code="c">Franco Lorandi, Rico A. Camponovo</subfield>
  </datafield>
  <datafield tag="500" ind1=" " ind2=" ">
    <subfield code="a">Französische Zusammenfassung</subfield>
  </datafield>
  <datafield tag="700" ind1="1" ind2=" ">
    <subfield code="0">(RERO)A003072997</subfield>
    <subfield code="a">Camponovo, Rico A.</subfield>
  </datafield>
  <datafield tag="773" ind1="1" ind2=" ">
    <subfield code="t">Schweizer Treuhänder : Monatszeitschrift für Revision, Rechnungswesen und Beratung : offizielles Organ der Schweizerischen Treuhand- und Revisionskammer = L&apos;expert-comptable suisse : revue mensuelle pour la revision, la comptabilité et le conseil d&apos;entreprise : organe officiel de la Chambre suisse des Sociétés fiduciaires et des experts-comptables</subfield>
    <subfield code="g">1993/961</subfield>
  </datafield>
</record>