
<record>
  <leader>00672naa a2200085 a 4500</leader>
  <controlfield tag="008">030827s1926    sz |||||| ||||00|  |ger d</controlfield>
  <datafield tag="035" ind1=" " ind2=" ">
    <subfield code="a">R003397928</subfield>
  </datafield>
  <datafield tag="100" ind1="1" ind2=" ">
    <subfield code="0">(RERO)A003278393</subfield>
    <subfield code="a">Ganz, Paul</subfield>
    <subfield code="4">cre</subfield>
  </datafield>
  <datafield tag="245" ind1="1" ind2="0">
    <subfield code="a">Basels künstleriche Kultur :</subfield>
    <subfield code="b">Vortrag... gehalten an der Generalversammlung des Schweiz. Ingenieur und Architekten-Vereins am 29. August 1926 in Basel /</subfield>
    <subfield code="c">von Paul Ganz</subfield>
  </datafield>
  <datafield tag="773" ind1="1" ind2=" ">
    <subfield code="t">Schweizerische Bauzeitung : Wochenschrift für Architektur, Ingenieurwesen und Maschinentechnik : Organ des Schweizerischen Ingenieur- und Architekten-Vereins, der Gesellschaft ehemal. Studierender der Eidg. Techn. Hochschule und der Schweiz. Vereinigung beratender Ingenieure = Revue polytechnique suisse</subfield>
    <subfield code="g">1926/12</subfield>
  </datafield>
</record>