
<record>
  <leader>00710nam a2200157 a 4500</leader>
  <controlfield tag="008">970226s1997    ne |||||| ||||00|  |heb d</controlfield>
  <datafield tag="020" ind1=" " ind2=" ">
    <subfield code="a">9789004107670</subfield>
  </datafield>
  <datafield tag="035" ind1=" " ind2=" ">
    <subfield code="a">R212012160</subfield>
  </datafield>
  <datafield tag="245" ind1="0" ind2="4">
    <subfield code="a">The Book of Ben Sira in Hebrew :</subfield>
    <subfield code="b">a text edition of all extant Hebrew manuscripts and a synopsis of all parallel Hebrew Ben Sira texts /</subfield>
    <subfield code="c">by Pancratius C. Beentjes</subfield>
  </datafield>
  <datafield tag="300" ind1=" " ind2=" ">
    <subfield code="a">VIII, 183 p. ;</subfield>
    <subfield code="c">25 cm</subfield>
  </datafield>
  <datafield tag="490" ind1="1" ind2=" ">
    <subfield code="a">Supplements to Vetus Testamentum</subfield>
    <subfield code="v">vol. 68</subfield>
  </datafield>
  <datafield tag="630" ind1="0" ind2="7">
    <subfield code="0">(RERO)A009967426</subfield>
    <subfield code="a">&quot;Bible.</subfield>
    <subfield code="p">AT.</subfield>
    <subfield code="p">Siracide&quot;</subfield>
    <subfield code="2">rero</subfield>
  </datafield>
  <datafield tag="650" ind1=" " ind2="7">
    <subfield code="0">(RERO)A021100924</subfield>
    <subfield code="a">Hébreu (langue)</subfield>
    <subfield code="2">rero</subfield>
  </datafield>
  <datafield tag="700" ind1="1" ind2=" ">
    <subfield code="0">(RERO)A002984049</subfield>
    <subfield code="a">Beentjes, Pancratius C</subfield>
  </datafield>
  <datafield tag="730" ind1="0" ind2=" ">
    <subfield code="a">Bible.</subfield>
    <subfield code="n">123.</subfield>
    <subfield code="p">A.T.</subfield>
    <subfield code="p">Siracide.</subfield>
    <subfield code="l">Hébreu</subfield>
  </datafield>
  <datafield tag="730" ind1="0" ind2=" ">
    <subfield code="a">Bible.</subfield>
    <subfield code="n">123.</subfield>
    <subfield code="p">A.T.</subfield>
    <subfield code="p">Siracide.</subfield>
    <subfield code="k">Synopse.</subfield>
    <subfield code="l">Hébreu</subfield>
  </datafield>
</record>