
<record>
  <leader>00645nam a22001332a 4500</leader>
  <controlfield tag="008">110218s1992    fr ||| |  ||||00|  |fre d</controlfield>
  <datafield tag="020" ind1=" " ind2=" ">
    <subfield code="a">9782092045404</subfield>
  </datafield>
  <datafield tag="035" ind1=" " ind2=" ">
    <subfield code="a">R006028920</subfield>
  </datafield>
  <datafield tag="100" ind1="1" ind2=" ">
    <subfield code="0">(RERO)A006080183</subfield>
    <subfield code="a">Foiret, Jacques</subfield>
    <subfield code="4">cre</subfield>
  </datafield>
  <datafield tag="245" ind1="1" ind2="4">
    <subfield code="a">Les frères Lumière et le cinéma /</subfield>
    <subfield code="c">Jacques Foiret, Philippe Brochard</subfield>
  </datafield>
  <datafield tag="300" ind1=" " ind2=" ">
    <subfield code="a">77 p. :</subfield>
    <subfield code="b">ill. ;</subfield>
    <subfield code="c">18 cm</subfield>
  </datafield>
  <datafield tag="490" ind1="0" ind2=" ">
    <subfield code="a">Monde en poche</subfield>
    <subfield code="v">32</subfield>
  </datafield>
  <datafield tag="520" ind1="8" ind2=" ">
    <subfield code="a">Décembre 1995 à Paris, un train fonce sur le public... Porjection mémorable des premières images animées. Du dessin à la photo, de la lanterne magique au kinétoscope... la naissance du septième art.</subfield>
    <subfield code="9">vdecub/06.2015</subfield>
  </datafield>
  <datafield tag="700" ind1="1" ind2=" ">
    <subfield code="0">(RERO)A003045287</subfield>
    <subfield code="a">Brochard, Philippe</subfield>
  </datafield>
</record>