
<record>
  <leader>00557nam a22001457a 4500</leader>
  <controlfield tag="008">000917s1994    gw |||||| ||||00|  |ger d</controlfield>
  <datafield tag="020" ind1=" " ind2=" ">
    <subfield code="a">9783929061086</subfield>
  </datafield>
  <datafield tag="035" ind1=" " ind2=" ">
    <subfield code="a">R267702960</subfield>
  </datafield>
  <datafield tag="245" ind1="0" ind2="0">
    <subfield code="a">Fussball, Medien und Gewalt :</subfield>
    <subfield code="b">Medienpädagogische Beiträge zur Fussballfan-Forschung /</subfield>
    <subfield code="c">Rainer Kübert ...</subfield>
  </datafield>
  <datafield tag="300" ind1=" " ind2=" ">
    <subfield code="a">179 S. ;</subfield>
    <subfield code="c">21 cm</subfield>
  </datafield>
  <datafield tag="650" ind1=" " ind2="7">
    <subfield code="0">(RERO)A021001421</subfield>
    <subfield code="a">Football</subfield>
    <subfield code="2">rero</subfield>
  </datafield>
  <datafield tag="650" ind1=" " ind2="7">
    <subfield code="0">(RERO)A022536780</subfield>
    <subfield code="a">20e siècle (fin)</subfield>
    <subfield code="2">rero</subfield>
  </datafield>
  <datafield tag="650" ind1=" " ind2="7">
    <subfield code="0">(RERO)A021002050</subfield>
    <subfield code="a">Médias</subfield>
    <subfield code="2">rero</subfield>
  </datafield>
  <datafield tag="655" ind1=" " ind2="7">
    <subfield code="0">(RERO)A022249905</subfield>
    <subfield code="a">[Études diverses]</subfield>
    <subfield code="2">rero</subfield>
  </datafield>
  <datafield tag="700" ind1="1" ind2=" ">
    <subfield code="0">(RERO)A005984709</subfield>
    <subfield code="a">Kübert, Rainer</subfield>
  </datafield>
</record>