
<record>
  <leader>00440naa a2200109 a 4500</leader>
  <controlfield tag="008">040112s2003    fr ||| |  ||||00|  |fre d</controlfield>
  <datafield tag="035" ind1=" " ind2=" ">
    <subfield code="a">R003566321</subfield>
  </datafield>
  <datafield tag="100" ind1="1" ind2=" ">
    <subfield code="0">(RERO)A003892543</subfield>
    <subfield code="a">Ter Minassian, Taline,</subfield>
    <subfield code="d">1963-</subfield>
    <subfield code="4">cre</subfield>
  </datafield>
  <datafield tag="245" ind1="1" ind2="3">
    <subfield code="a">Le Komintern et les Balkans /</subfield>
    <subfield code="c">Taline Ter Minassian</subfield>
  </datafield>
  <datafield tag="611" ind1="2" ind2="7">
    <subfield code="0">(RERO)A009983033</subfield>
    <subfield code="a">Troisième internationale</subfield>
    <subfield code="d">(1919-1943)</subfield>
    <subfield code="2">rero</subfield>
  </datafield>
  <datafield tag="651" ind1=" " ind2="7">
    <subfield code="0">(RERO)A009955277</subfield>
    <subfield code="a">Balkans</subfield>
    <subfield code="2">rero</subfield>
  </datafield>
  <datafield tag="773" ind1="1" ind2=" ">
    <subfield code="t">Matériaux pour l&apos;histoire de notre temps</subfield>
    <subfield code="g">2003/71/62</subfield>
  </datafield>
</record>