
<record>
  <leader>00403nam a2200121 a 4500</leader>
  <controlfield tag="008">000912s1999    fr ||| |  ||||00|  |fre d</controlfield>
  <datafield tag="020" ind1=" " ind2=" ">
    <subfield code="a">9782070407866</subfield>
  </datafield>
  <datafield tag="035" ind1=" " ind2=" ">
    <subfield code="a">R266402260</subfield>
  </datafield>
  <datafield tag="100" ind1="1" ind2=" ">
    <subfield code="0">(RERO)A003164112</subfield>
    <subfield code="a">Deguy, Michel,</subfield>
    <subfield code="d">1930-</subfield>
    <subfield code="4">cre</subfield>
  </datafield>
  <datafield tag="245" ind1="1" ind2="0">
    <subfield code="a">Gisants :</subfield>
    <subfield code="b">poèmes III : 1980-1995 /</subfield>
    <subfield code="c">Michel Deguy ; préf. d&apos;Andrea Zanzotto</subfield>
  </datafield>
  <datafield tag="300" ind1=" " ind2=" ">
    <subfield code="a">238 p. ;</subfield>
    <subfield code="c">22 cm</subfield>
  </datafield>
  <datafield tag="490" ind1="1" ind2=" ">
    <subfield code="a">Poésie</subfield>
    <subfield code="v">331</subfield>
  </datafield>
  <datafield tag="700" ind1="1" ind2=" ">
    <subfield code="0">(RERO)A003995460</subfield>
    <subfield code="a">Zanzotto, Andrea</subfield>
  </datafield>
</record>