
<record>
  <leader>00490nam a2200133 a 4500</leader>
  <controlfield tag="008">001228s1999    sz ||| |  ||||00|  |fre d</controlfield>
  <datafield tag="020" ind1=" " ind2=" ">
    <subfield code="a">9783906690018</subfield>
  </datafield>
  <datafield tag="035" ind1=" " ind2=" ">
    <subfield code="a">R268272360</subfield>
  </datafield>
  <datafield tag="041" ind1="0" ind2=" ">
    <subfield code="a">fre</subfield>
    <subfield code="a">ger</subfield>
  </datafield>
  <datafield tag="245" ind1="0" ind2="0">
    <subfield code="a">Christian Philipp Müller :</subfield>
    <subfield code="b">autofocus : [Kunsthalle Zürich, 6. November-30. Dezember 1999]</subfield>
  </datafield>
  <datafield tag="300" ind1=" " ind2=" ">
    <subfield code="a">[23] p. ;</subfield>
    <subfield code="c">24 cm</subfield>
  </datafield>
  <datafield tag="500" ind1=" " ind2=" ">
    <subfield code="a">Exposition. Zürich. Kunsthalle. 1999</subfield>
  </datafield>
  <datafield tag="600" ind1="1" ind2="7">
    <subfield code="0">(RERO)A010202755</subfield>
    <subfield code="a">Müller, Christian Philipp</subfield>
    <subfield code="2">rero</subfield>
  </datafield>
  <datafield tag="655" ind1=" " ind2="7">
    <subfield code="0">(RERO)A021004924</subfield>
    <subfield code="a">[Catalogues d&apos;exposition]</subfield>
    <subfield code="2">rero</subfield>
  </datafield>
</record>