
<record>
  <leader>00671nam a2200157 a 4500</leader>
  <controlfield tag="008">001003s1999    gw |||||| ||||01|  |ger d</controlfield>
  <datafield tag="020" ind1=" " ind2=" ">
    <subfield code="a">9783631354483</subfield>
  </datafield>
  <datafield tag="035" ind1=" " ind2=" ">
    <subfield code="a">R265832360</subfield>
  </datafield>
  <datafield tag="245" ind1="0" ind2="4">
    <subfield code="a">Das Frühneuhochdeutsche als sprachgeschichtliche Epoche :</subfield>
    <subfield code="b">Werner Besch zum 70. Geburtstag /</subfield>
    <subfield code="c">hrsg von Walter Hoffmann... [et al.]</subfield>
  </datafield>
  <datafield tag="300" ind1=" " ind2=" ">
    <subfield code="a">294 p. :</subfield>
    <subfield code="b">portr. ;</subfield>
    <subfield code="c">24 cm</subfield>
  </datafield>
  <datafield tag="650" ind1=" " ind2="7">
    <subfield code="0">(RERO)A021101102</subfield>
    <subfield code="a">Allemand (langue)</subfield>
    <subfield code="2">rero</subfield>
  </datafield>
  <datafield tag="650" ind1=" " ind2="7">
    <subfield code="0">(RERO)A021100928</subfield>
    <subfield code="a">Linguistique historique</subfield>
    <subfield code="2">rero</subfield>
  </datafield>
  <datafield tag="650" ind1=" " ind2="7">
    <subfield code="0">(RERO)A022455279</subfield>
    <subfield code="a">15e siècle-17e siècle</subfield>
    <subfield code="2">rero</subfield>
  </datafield>
  <datafield tag="655" ind1=" " ind2="7">
    <subfield code="0">(RERO)A021105530</subfield>
    <subfield code="a">[Actes de congrès]</subfield>
    <subfield code="2">rero</subfield>
  </datafield>
  <datafield tag="700" ind1="1" ind2=" ">
    <subfield code="0">(RERO)A003377648</subfield>
    <subfield code="a">Hoffmann, Walter</subfield>
  </datafield>
  <datafield tag="700" ind1="1" ind2=" ">
    <subfield code="0">(RERO)A003000794</subfield>
    <subfield code="a">Besch, Werner</subfield>
  </datafield>
</record>