
<record>
  <leader>00637naa a2200145 a 4500</leader>
  <controlfield tag="008">980723s1997    sw ||| |  ||||00|  |eng d</controlfield>
  <datafield tag="035" ind1=" " ind2=" ">
    <subfield code="a">R233562460</subfield>
  </datafield>
  <datafield tag="100" ind1="1" ind2=" ">
    <subfield code="0">(RERO)A003533171</subfield>
    <subfield code="a">Lovell, Nadia</subfield>
    <subfield code="4">cre</subfield>
  </datafield>
  <datafield tag="245" ind1="1" ind2="0">
    <subfield code="a">Unleashing spirits and unbounding gender :</subfield>
    <subfield code="b">vocal gods and polyvalent discourse in Watchi possession /</subfield>
    <subfield code="c">Nadia Lovell</subfield>
  </datafield>
  <datafield tag="650" ind1=" " ind2="7">
    <subfield code="0">(RERO)A010080287</subfield>
    <subfield code="a">esprits (êtres spirituels)</subfield>
    <subfield code="2">rerovoc</subfield>
  </datafield>
  <datafield tag="650" ind1=" " ind2="7">
    <subfield code="0">(RERO)A010134929</subfield>
    <subfield code="a">possession (religion)</subfield>
    <subfield code="2">rerovoc</subfield>
  </datafield>
  <datafield tag="650" ind1=" " ind2="7">
    <subfield code="0">(RERO)A021004050</subfield>
    <subfield code="a">Relations hommes-femmes</subfield>
    <subfield code="2">rero</subfield>
  </datafield>
  <datafield tag="650" ind1=" " ind2="7">
    <subfield code="0">(RERO)A021137675</subfield>
    <subfield code="a">Femmes éwé</subfield>
    <subfield code="2">rero</subfield>
  </datafield>
  <datafield tag="651" ind1=" " ind2="7">
    <subfield code="0">(RERO)A010159012</subfield>
    <subfield code="a">Togo - sud-est</subfield>
    <subfield code="2">rero</subfield>
  </datafield>
  <datafield tag="773" ind1="1" ind2=" ">
    <subfield code="t">Ethnos</subfield>
    <subfield code="g">1997/62/3/79</subfield>
  </datafield>
</record>