
<record>
  <leader>00554nam a2200133 a 4500</leader>
  <controlfield tag="008">000908s1985    it |||||| ||||00|| |ita d</controlfield>
  <datafield tag="020" ind1=" " ind2=" ">
    <subfield code="a">9788870625691</subfield>
  </datafield>
  <datafield tag="035" ind1=" " ind2=" ">
    <subfield code="a">0715998</subfield>
  </datafield>
  <datafield tag="245" ind1="0" ind2="3">
    <subfield code="a">Il palazzo del Quirinale :</subfield>
    <subfield code="b">studi preliminari sulle collezioni di antichità /</subfield>
    <subfield code="c">a cura di Lucia Guerrini e Carlo Gasparri</subfield>
  </datafield>
  <datafield tag="300" ind1=" " ind2=" ">
    <subfield code="a">V, 98 p. :</subfield>
    <subfield code="b">ill. ;</subfield>
    <subfield code="c">31 cm</subfield>
  </datafield>
  <datafield tag="490" ind1="1" ind2=" ">
    <subfield code="a">Collezioni romane di antichità</subfield>
  </datafield>
  <datafield tag="650" ind1=" " ind2="7">
    <subfield code="0">(RERO)A021097518</subfield>
    <subfield code="a">Sculpture romaine</subfield>
    <subfield code="2">rero</subfield>
  </datafield>
  <datafield tag="651" ind1=" " ind2="7">
    <subfield code="0">(RERO)A010142617</subfield>
    <subfield code="a">Rome (Italie, ville) - Palazzo del Quirinale</subfield>
    <subfield code="2">rero</subfield>
  </datafield>
  <datafield tag="700" ind1="1" ind2=" ">
    <subfield code="0">(RERO)A003328196</subfield>
    <subfield code="a">Guerrini, Lucia</subfield>
  </datafield>
</record>