
<record>
  <leader>00643naa a2200133 a 4500</leader>
  <controlfield tag="008">980723s1997    xxu||| |  ||||00|  |eng d</controlfield>
  <datafield tag="035" ind1=" " ind2=" ">
    <subfield code="a">R233512860</subfield>
  </datafield>
  <datafield tag="100" ind1="1" ind2=" ">
    <subfield code="0">(RERO)A003803209</subfield>
    <subfield code="a">Schneider, Jo Anne</subfield>
    <subfield code="4">cre</subfield>
  </datafield>
  <datafield tag="245" ind1="1" ind2="0">
    <subfield code="a">Dialectics of race and nationality :</subfield>
    <subfield code="b">contradictions and Philadelphia working-class youth /</subfield>
    <subfield code="c">Jo Anne Schneider</subfield>
  </datafield>
  <datafield tag="650" ind1=" " ind2="7">
    <subfield code="0">(RERO)A009959065</subfield>
    <subfield code="a">relations raciales</subfield>
    <subfield code="2">rerovoc</subfield>
  </datafield>
  <datafield tag="650" ind1=" " ind2="7">
    <subfield code="0">(RERO)A021006222</subfield>
    <subfield code="a">Américains d&apos;origine polonaise</subfield>
    <subfield code="2">rero</subfield>
  </datafield>
  <datafield tag="650" ind1=" " ind2="7">
    <subfield code="0">(RERO)A021009666</subfield>
    <subfield code="a">Relations interethniques</subfield>
    <subfield code="2">rero</subfield>
  </datafield>
  <datafield tag="651" ind1=" " ind2="7">
    <subfield code="0">(RERO)A010131301</subfield>
    <subfield code="a">Philadelphie (Etats-Unis)</subfield>
    <subfield code="2">rero</subfield>
  </datafield>
  <datafield tag="773" ind1="1" ind2=" ">
    <subfield code="t">Anthropology and education quarterly</subfield>
    <subfield code="g">1997, vol. 28, nr. 4, p. 493-523</subfield>
  </datafield>
</record>