
<record>
  <leader>00449nam a2200121 a 4500</leader>
  <controlfield tag="008">860604s1985    gw |||||| ||||00|| |ger d</controlfield>
  <datafield tag="020" ind1=" " ind2=" ">
    <subfield code="a">9783799162487</subfield>
  </datafield>
  <datafield tag="035" ind1=" " ind2=" ">
    <subfield code="a">0717953</subfield>
  </datafield>
  <datafield tag="100" ind1="1" ind2=" ">
    <subfield code="0">(RERO)A003313149</subfield>
    <subfield code="a">Graf, Oskar Maria</subfield>
    <subfield code="4">cre</subfield>
  </datafield>
  <datafield tag="245" ind1="1" ind2="0">
    <subfield code="a">An manchen Tagen :</subfield>
    <subfield code="b">Reden, Gedanken und Zeitbetrachtungen /</subfield>
    <subfield code="c">Oskar Maria Graf ; mit einem Nachwort von Ernst Loeb</subfield>
  </datafield>
  <datafield tag="300" ind1=" " ind2=" ">
    <subfield code="a">388 p. ;</subfield>
    <subfield code="c">20 cm</subfield>
  </datafield>
  <datafield tag="490" ind1="1" ind2=" ">
    <subfield code="a">Gesammelte Werke in Einzelausgaben</subfield>
  </datafield>
  <datafield tag="700" ind1="1" ind2=" ">
    <subfield code="0">(RERO)A003527890</subfield>
    <subfield code="a">Loeb, Ernst</subfield>
  </datafield>
</record>