
<record>
  <leader>00309nam a22001092a 4500</leader>
  <controlfield tag="008">110218s2002    fr ||| |  ||||00|  |fre d</controlfield>
  <datafield tag="020" ind1=" " ind2=" ">
    <subfield code="a">9782070548828</subfield>
  </datafield>
  <datafield tag="035" ind1=" " ind2=" ">
    <subfield code="a">R006032623</subfield>
  </datafield>
  <datafield tag="100" ind1="1" ind2=" ">
    <subfield code="0">(RERO)A003545881</subfield>
    <subfield code="a">MacKee, David,</subfield>
    <subfield code="d">1935-</subfield>
    <subfield code="4">cre</subfield>
  </datafield>
  <datafield tag="245" ind1="1" ind2="0">
    <subfield code="a">Bernard et le monstre /</subfield>
    <subfield code="c">David Mac Kee</subfield>
  </datafield>
  <datafield tag="300" ind1=" " ind2=" ">
    <subfield code="c">23 cm</subfield>
  </datafield>
  <datafield tag="490" ind1="0" ind2=" ">
    <subfield code="a">Folio benjamin</subfield>
    <subfield code="v">69</subfield>
  </datafield>
</record>