
<record>
  <leader>00497nam a22001332a 4500</leader>
  <controlfield tag="008">110218s1997    be ||| |  ||||00|  |fre d</controlfield>
  <datafield tag="020" ind1=" " ind2=" ">
    <subfield code="a">9782203144545</subfield>
  </datafield>
  <datafield tag="035" ind1=" " ind2=" ">
    <subfield code="a">R006030224</subfield>
  </datafield>
  <datafield tag="100" ind1="1" ind2=" ">
    <subfield code="0">(RERO)A005924293</subfield>
    <subfield code="a">Bulloch, Ivan</subfield>
    <subfield code="4">cre</subfield>
  </datafield>
  <datafield tag="245" ind1="1" ind2="0">
    <subfield code="a">Si j&apos;étais magicien /</subfield>
    <subfield code="c">Ivan Bulloch, Diane James</subfield>
  </datafield>
  <datafield tag="300" ind1=" " ind2=" ">
    <subfield code="a">30 p. :</subfield>
    <subfield code="b">ill. ;</subfield>
    <subfield code="c">23 cm</subfield>
  </datafield>
  <datafield tag="490" ind1="0" ind2=" ">
    <subfield code="a">Si j&apos;étais Casterman</subfield>
  </datafield>
  <datafield tag="520" ind1="8" ind2=" ">
    <subfield code="a">Quelles techniques apprendre, quels trucs et quels tours exercer, quels habits porter</subfield>
    <subfield code="9">njhep-/09.2011</subfield>
  </datafield>
  <datafield tag="700" ind1="1" ind2=" ">
    <subfield code="0">(RERO)A003418718</subfield>
    <subfield code="a">James, Diane</subfield>
  </datafield>
</record>