
<record>
  <leader>00390nam a2200121 a 4500</leader>
  <controlfield tag="008">860604m19811982sz |||||| ||||00|| |ger d</controlfield>
  <datafield tag="020" ind1=" " ind2=" ">
    <subfield code="a">9783280013137</subfield>
  </datafield>
  <datafield tag="020" ind1=" " ind2=" ">
    <subfield code="a">9783280013144</subfield>
  </datafield>
  <datafield tag="035" ind1=" " ind2=" ">
    <subfield code="a">0717735</subfield>
  </datafield>
  <datafield tag="245" ind1="0" ind2="0">
    <subfield code="a">Algebra 1 /</subfield>
    <subfield code="c">Walter Höhn... [et al.]</subfield>
  </datafield>
  <datafield tag="300" ind1=" " ind2=" ">
    <subfield code="a">2 H. ;</subfield>
    <subfield code="c">24 cm</subfield>
  </datafield>
  <datafield tag="490" ind1="1" ind2=" ">
    <subfield code="a">Mathematisches Unterrichtswerk der Deutschschweizerischen Mathematikkommission</subfield>
  </datafield>
  <datafield tag="700" ind1="1" ind2=" ">
    <subfield code="0">(RERO)A003394248</subfield>
    <subfield code="a">Höhn, Walter</subfield>
  </datafield>
</record>