
<record>
  <leader>00278naa a22000857a 4500</leader>
  <controlfield tag="008">980412s1966    fr ||| |  ||||00|  0fre d</controlfield>
  <datafield tag="035" ind1=" " ind2=" ">
    <subfield code="a">R003434423</subfield>
  </datafield>
  <datafield tag="245" ind1="0" ind2="0">
    <subfield code="a">Rencontre des trois monothéismes</subfield>
  </datafield>
  <datafield tag="300" ind1=" " ind2=" ">
    <subfield code="a">55 p. ;</subfield>
    <subfield code="c">21 cm</subfield>
  </datafield>
  <datafield tag="773" ind1="1" ind2=" ">
    <subfield code="t">Bulletin Saint Jean-Baptiste</subfield>
    <subfield code="g">tome VI (juin-juill. 1966) no. 8, p. 349-444</subfield>
  </datafield>
</record>