
<record>
  <leader>00553naa a2200109 a 4500</leader>
  <controlfield tag="008">911107s1985    it |||||| ||||00|| |ita d</controlfield>
  <datafield tag="035" ind1=" " ind2=" ">
    <subfield code="a">1450870</subfield>
  </datafield>
  <datafield tag="100" ind1="1" ind2=" ">
    <subfield code="0">(RERO)A002965912</subfield>
    <subfield code="a">Banfi, Emanuele</subfield>
    <subfield code="4">cre</subfield>
  </datafield>
  <datafield tag="245" ind1="1" ind2="3">
    <subfield code="a">Il &quot;lessico&quot; di Jacob Spon</subfield>
  </datafield>
  <datafield tag="600" ind1="1" ind2="7">
    <subfield code="0">(RERO)A010153034</subfield>
    <subfield code="a">Spon, Jacob.</subfield>
    <subfield code="t">&quot;Voyage d&apos;Italie, de Dalmatie, de Grèce et du Levant&quot;</subfield>
    <subfield code="2">rero</subfield>
  </datafield>
  <datafield tag="650" ind1=" " ind2="7">
    <subfield code="0">(RERO)A021001508</subfield>
    <subfield code="a">Grec (langue) moderne</subfield>
    <subfield code="2">rero</subfield>
  </datafield>
  <datafield tag="773" ind1="1" ind2=" ">
    <subfield code="t">Quattro &quot;lessici neogreci&quot; della turcocrazia : notizie di interesse linguistico nelle relazioni di viaggiatori in ambiente romeico tra i secoli XVI e XVII</subfield>
    <subfield code="g">P. 67-93</subfield>
  </datafield>
</record>