
<record>
  <leader>00445nam a22001212a 4500</leader>
  <controlfield tag="008">110218s1997    fr ||| |  ||||00|  |fre d</controlfield>
  <datafield tag="020" ind1=" " ind2=" ">
    <subfield code="a">9782842300142</subfield>
  </datafield>
  <datafield tag="035" ind1=" " ind2=" ">
    <subfield code="a">R006030222</subfield>
  </datafield>
  <datafield tag="100" ind1="1" ind2=" ">
    <subfield code="0">(RERO)A003193708</subfield>
    <subfield code="a">Dubois, Pierre,</subfield>
    <subfield code="d">1945-</subfield>
    <subfield code="4">cre</subfield>
  </datafield>
  <datafield tag="245" ind1="1" ind2="3">
    <subfield code="a">La grande encyclopédie des fées /</subfield>
    <subfield code="c">Pierre Dubois, Claudine Sabatier, Roland Sabatier</subfield>
  </datafield>
  <datafield tag="300" ind1=" " ind2=" ">
    <subfield code="a">183 p. :</subfield>
    <subfield code="b">ill. ;</subfield>
    <subfield code="c">32 cm</subfield>
  </datafield>
  <datafield tag="700" ind1="1" ind2=" ">
    <subfield code="0">(RERO)A003776215</subfield>
    <subfield code="a">Sabatier, Claudine</subfield>
  </datafield>
  <datafield tag="700" ind1="1" ind2=" ">
    <subfield code="0">(RERO)A003776247</subfield>
    <subfield code="a">Sabatier, Roland</subfield>
  </datafield>
</record>