
<record>
  <leader>00411nam a22001332a 4500</leader>
  <controlfield tag="008">110218s2002    fr ||| |  ||||00|  |fre d</controlfield>
  <datafield tag="020" ind1=" " ind2=" ">
    <subfield code="a">9782070548019</subfield>
  </datafield>
  <datafield tag="035" ind1=" " ind2=" ">
    <subfield code="a">R006032620</subfield>
  </datafield>
  <datafield tag="100" ind1="1" ind2=" ">
    <subfield code="0">(RERO)A003004565</subfield>
    <subfield code="a">Bichonnier, Henriette</subfield>
    <subfield code="4">cre</subfield>
  </datafield>
  <datafield tag="245" ind1="1" ind2="3">
    <subfield code="a">Le roi des bons /</subfield>
    <subfield code="c">Henriette Bichonnier, Pef</subfield>
  </datafield>
  <datafield tag="300" ind1=" " ind2=" ">
    <subfield code="c">23 cm</subfield>
  </datafield>
  <datafield tag="490" ind1="0" ind2=" ">
    <subfield code="a">Folio benjamin</subfield>
    <subfield code="v">45</subfield>
  </datafield>
  <datafield tag="520" ind1="8" ind2=" ">
    <subfield code="a">Fictions jeunesse</subfield>
    <subfield code="9">frvhep/09.2011</subfield>
  </datafield>
  <datafield tag="700" ind1="0" ind2=" ">
    <subfield code="0">(RERO)A000126801</subfield>
    <subfield code="a">Pef,</subfield>
    <subfield code="d">1939-</subfield>
  </datafield>
</record>