
<record>
  <leader>00610nam a22001092a 4500</leader>
  <controlfield tag="008">110218s1991    fr ||| |  ||||00|  |fre d</controlfield>
  <datafield tag="020" ind1=" " ind2=" ">
    <subfield code="a">9782070566037</subfield>
  </datafield>
  <datafield tag="035" ind1=" " ind2=" ">
    <subfield code="a">R006027628</subfield>
  </datafield>
  <datafield tag="100" ind1="1" ind2=" ">
    <subfield code="0">(RERO)A003151225</subfield>
    <subfield code="a">Dahan, André</subfield>
    <subfield code="4">cre</subfield>
  </datafield>
  <datafield tag="245" ind1="1" ind2="0">
    <subfield code="a">Bonne nuit petite lune /</subfield>
    <subfield code="c">André Dahan</subfield>
  </datafield>
  <datafield tag="300" ind1=" " ind2=" ">
    <subfield code="a">[Non pag.] :</subfield>
    <subfield code="b">ill. ;</subfield>
    <subfield code="c">31 cm</subfield>
  </datafield>
  <datafield tag="520" ind1="8" ind2=" ">
    <subfield code="a">Quand on est la lune, il n&apos;est pas facile de jouer au bord d&apos;un nid. Il faut bien continuer sa course. La lune en mille miettes sera remontée tant bien que mal par les oisillons. Alors, si un soir vous trouvez à la lune une drôle de &quot;binette&quot;, cherchez la réponse dans cette histoire..</subfield>
    <subfield code="9">vsbcvs/07.2014</subfield>
  </datafield>
</record>