
<record>
  <leader>00480nam a2200121 a 4500</leader>
  <controlfield tag="008">110629s2001    bl ||| |  ||||00|  |por d</controlfield>
  <datafield tag="020" ind1=" " ind2=" ">
    <subfield code="a">9788570980724</subfield>
  </datafield>
  <datafield tag="035" ind1=" " ind2=" ">
    <subfield code="a">R006089627</subfield>
  </datafield>
  <datafield tag="100" ind1="1" ind2=" ">
    <subfield code="0">(RERO)A018446648</subfield>
    <subfield code="a">Santos, João Ubiratan Moreira dos</subfield>
    <subfield code="4">cre</subfield>
  </datafield>
  <datafield tag="245" ind1="1" ind2="2">
    <subfield code="a">O gênero &apos;Aspilia&apos; Thou. (&apos;Asteraceae&apos;-&apos;Heliantheae&apos;) no Brasil /</subfield>
    <subfield code="c">João Ubiratan Moreira dos Santos</subfield>
  </datafield>
  <datafield tag="300" ind1=" " ind2=" ">
    <subfield code="a">301 p. :</subfield>
    <subfield code="b">ill.</subfield>
  </datafield>
  <datafield tag="650" ind1=" " ind2="7">
    <subfield code="0">(RERO)A027771205</subfield>
    <subfield code="a">Wedelia (Compositae) [Taxonomie]</subfield>
    <subfield code="2">rero</subfield>
  </datafield>
  <datafield tag="651" ind1=" " ind2="7">
    <subfield code="0">(RERO)A009956940</subfield>
    <subfield code="a">Brésil</subfield>
    <subfield code="2">rero</subfield>
  </datafield>
</record>