
<record>
  <leader>00611nam a22001577a 4500</leader>
  <controlfield tag="008">001227s2000    fr ||| |  ||||00|  |fre d</controlfield>
  <datafield tag="020" ind1=" " ind2=" ">
    <subfield code="a">9782843231926</subfield>
  </datafield>
  <datafield tag="035" ind1=" " ind2=" ">
    <subfield code="a">R270742360</subfield>
  </datafield>
  <datafield tag="245" ind1="0" ind2="0">
    <subfield code="a">Beauté du siècle /</subfield>
    <subfield code="c">introd. par par Dorothy Schefer Faux ; Nathalie Chanine... [et al.]</subfield>
  </datafield>
  <datafield tag="300" ind1=" " ind2=" ">
    <subfield code="a">399 p. :</subfield>
    <subfield code="b">ill. ;</subfield>
    <subfield code="c">21 cm</subfield>
  </datafield>
  <datafield tag="650" ind1=" " ind2="7">
    <subfield code="0">(RERO)A021017254</subfield>
    <subfield code="a">20e siècle</subfield>
    <subfield code="2">rero</subfield>
  </datafield>
  <datafield tag="650" ind1=" " ind2="7">
    <subfield code="0">(RERO)A021004826</subfield>
    <subfield code="a">Beauté corporelle</subfield>
    <subfield code="2">rero</subfield>
  </datafield>
  <datafield tag="655" ind1=" " ind2="7">
    <subfield code="0">(RERO)A021025671</subfield>
    <subfield code="a">[Photographies]</subfield>
    <subfield code="2">rero</subfield>
  </datafield>
  <datafield tag="655" ind1=" " ind2="7">
    <subfield code="0">(RERO)A022249905</subfield>
    <subfield code="a">[Études diverses]</subfield>
    <subfield code="2">rero</subfield>
  </datafield>
  <datafield tag="700" ind1="1" ind2=" ">
    <subfield code="0">(RERO)A003793614</subfield>
    <subfield code="a">Schefer, Dorothy</subfield>
  </datafield>
  <datafield tag="700" ind1="1" ind2=" ">
    <subfield code="0">(RERO)A006052444</subfield>
    <subfield code="a">Chanine, Nathalie</subfield>
  </datafield>
</record>