
<record>
  <leader>00344nam a22001092a 4500</leader>
  <controlfield tag="008">110218s2009    fr ||| |  ||||00|  |fre d</controlfield>
  <datafield tag="020" ind1=" " ind2=" ">
    <subfield code="a">9782226192042</subfield>
  </datafield>
  <datafield tag="035" ind1=" " ind2=" ">
    <subfield code="a">R006039421</subfield>
  </datafield>
  <datafield tag="100" ind1="1" ind2=" ">
    <subfield code="0">(RERO)A016412851</subfield>
    <subfield code="a">Cortey, Anne,</subfield>
    <subfield code="d">1966-</subfield>
    <subfield code="4">cre</subfield>
  </datafield>
  <datafield tag="245" ind1="1" ind2="0">
    <subfield code="a">Joni et Vatanen :</subfield>
    <subfield code="b">aventures /</subfield>
    <subfield code="c">Anne Cortey, Janik Coat</subfield>
  </datafield>
  <datafield tag="300" ind1=" " ind2=" ">
    <subfield code="c">24 cm</subfield>
  </datafield>
  <datafield tag="700" ind1="1" ind2=" ">
    <subfield code="0">(RERO)A016412883</subfield>
    <subfield code="a">Coat, Janik,</subfield>
    <subfield code="d">1972-</subfield>
  </datafield>
</record>