
<record>
  <leader>00467ncm a2200109 a 4500</leader>
  <controlfield tag="008">981117q19801993gw |||||| |||||||  |ger d</controlfield>
  <datafield tag="028" ind1="3" ind2="2">
    <subfield code="a">EB Nr. 7192</subfield>
  </datafield>
  <datafield tag="035" ind1=" " ind2=" ">
    <subfield code="a">R239662260</subfield>
  </datafield>
  <datafield tag="100" ind1="1" ind2=" ">
    <subfield code="0">(RERO)A000015097</subfield>
    <subfield code="a">Bach, Johann Sebastian</subfield>
    <subfield code="4">cre</subfield>
  </datafield>
  <datafield tag="245" ind1="1" ind2="0">
    <subfield code="a">Kantate Nr. 192 :</subfield>
    <subfield code="b">&quot;Nun danket alle Gott&quot; : BWV 192 /</subfield>
    <subfield code="c">Johann Sebastian Bach ; Klavierauszug von Bernhard Todt</subfield>
  </datafield>
  <datafield tag="300" ind1=" " ind2=" ">
    <subfield code="a">1 réduction (28 p.) ;</subfield>
    <subfield code="c">27 cm</subfield>
  </datafield>
  <datafield tag="700" ind1="1" ind2="2">
    <subfield code="a">Bach, Johann Sebastian. -</subfield>
    <subfield code="t">Nun danket alle Gott</subfield>
    <subfield code="h">[Musique imprimée].</subfield>
    <subfield code="o">Réduction</subfield>
  </datafield>
</record>