
<record>
  <leader>00336nam a22000972a 4500</leader>
  <controlfield tag="008">110218s1995    fr ||| |  ||||00|  |fre d</controlfield>
  <datafield tag="020" ind1=" " ind2=" ">
    <subfield code="a">9782876711150</subfield>
  </datafield>
  <datafield tag="035" ind1=" " ind2=" ">
    <subfield code="a">R006035522</subfield>
  </datafield>
  <datafield tag="100" ind1="1" ind2=" ">
    <subfield code="0">(RERO)A018889369</subfield>
    <subfield code="a">Pasquiers, Claudine</subfield>
    <subfield code="4">cre</subfield>
  </datafield>
  <datafield tag="245" ind1="1" ind2="3">
    <subfield code="a">La naissance, la vie :</subfield>
    <subfield code="b">préparation à l&apos;accouchement et yoga /</subfield>
    <subfield code="c">Claudine Pasquiers</subfield>
  </datafield>
  <datafield tag="300" ind1=" " ind2=" ">
    <subfield code="a">391 p. :</subfield>
    <subfield code="b">ill. ;</subfield>
    <subfield code="c">29 cm</subfield>
  </datafield>
</record>