
<record>
  <leader>00453nam a2200121 a 4500</leader>
  <controlfield tag="008">860724s1985    gw |||||| ||||00|| |ger d</controlfield>
  <datafield tag="020" ind1=" " ind2=" ">
    <subfield code="a">9783874524377</subfield>
  </datafield>
  <datafield tag="035" ind1=" " ind2=" ">
    <subfield code="a">0734859</subfield>
  </datafield>
  <datafield tag="245" ind1="0" ind2="0">
    <subfield code="a">Wolfram von Eschenbach &quot;Parzival&quot; :</subfield>
    <subfield code="b">die Bilder der illustrierten Handschriften /</subfield>
    <subfield code="c">hrsg. von Bernd Schirok</subfield>
  </datafield>
  <datafield tag="300" ind1=" " ind2=" ">
    <subfield code="a">V, 209 S. :</subfield>
    <subfield code="b">Ill. ;</subfield>
    <subfield code="c">30 cm</subfield>
  </datafield>
  <datafield tag="490" ind1="1" ind2=" ">
    <subfield code="a">Litterae</subfield>
    <subfield code="v">Nr. 67</subfield>
  </datafield>
  <datafield tag="700" ind1="1" ind2=" ">
    <subfield code="0">(RERO)A003797388</subfield>
    <subfield code="a">Schirok, Bernd</subfield>
  </datafield>
  <datafield tag="700" ind1="0" ind2="2">
    <subfield code="0">(RERO)A000177220</subfield>
    <subfield code="a">Wolfram,</subfield>
    <subfield code="c">von Eschenbach. -</subfield>
    <subfield code="t">Parzival</subfield>
  </datafield>
</record>