
<record>
  <leader>00522naa a2200121 a 4500</leader>
  <controlfield tag="008">110714s1963    sz ||| |  ||||00|  |fre d</controlfield>
  <datafield tag="035" ind1=" " ind2=" ">
    <subfield code="a">R006103328</subfield>
  </datafield>
  <datafield tag="100" ind1="1" ind2=" ">
    <subfield code="0">(RERO)A003001603</subfield>
    <subfield code="a">Besuchet, Claude</subfield>
    <subfield code="4">cre</subfield>
  </datafield>
  <datafield tag="245" ind1="1" ind2="0">
    <subfield code="a">Troisième contribution à l&apos;étude des Psélaphides du Maroc (Coleoptera) /</subfield>
    <subfield code="c">par Claude Besuchet</subfield>
  </datafield>
  <datafield tag="650" ind1=" " ind2="7">
    <subfield code="0">(RERO)A027247000</subfield>
    <subfield code="a">Pselaphidae (Coleoptera) [Taxonomie]</subfield>
    <subfield code="2">rero</subfield>
  </datafield>
  <datafield tag="651" ind1=" " ind2="7">
    <subfield code="0">(RERO)A009955652</subfield>
    <subfield code="a">Maroc</subfield>
    <subfield code="2">rero</subfield>
  </datafield>
  <datafield tag="655" ind1=" " ind2="7">
    <subfield code="0">(RERO)A009950099</subfield>
    <subfield code="a">[liste de genres et d&apos;espèces]</subfield>
    <subfield code="2">rerovoc</subfield>
  </datafield>
  <datafield tag="773" ind1="1" ind2=" ">
    <subfield code="t">Archives des sciences</subfield>
    <subfield code="g">1963/217</subfield>
  </datafield>
</record>