
<record>
  <leader>00323nam a22001092a 4500</leader>
  <controlfield tag="008">110218s1995    fr ||| |  ||||00|  |fre d</controlfield>
  <datafield tag="020" ind1=" " ind2=" ">
    <subfield code="a">9782020259132</subfield>
  </datafield>
  <datafield tag="035" ind1=" " ind2=" ">
    <subfield code="a">R006035520</subfield>
  </datafield>
  <datafield tag="100" ind1="1" ind2=" ">
    <subfield code="0">(RERO)A002988808</subfield>
    <subfield code="a">Ben Jelloun, Tahar,</subfield>
    <subfield code="d">1944-</subfield>
    <subfield code="4">cre</subfield>
  </datafield>
  <datafield tag="245" ind1="1" ind2="3">
    <subfield code="a">La réclusion solitaire /</subfield>
    <subfield code="c">Tahar Ben Jelloun</subfield>
  </datafield>
  <datafield tag="300" ind1=" " ind2=" ">
    <subfield code="a">135 p. ;</subfield>
    <subfield code="c">18 cm</subfield>
  </datafield>
  <datafield tag="490" ind1="0" ind2=" ">
    <subfield code="a">Points</subfield>
    <subfield code="v">161</subfield>
  </datafield>
</record>