
<record>
  <leader>00521nam a2200145 a 4500</leader>
  <controlfield tag="008">000916s2000    sz |||||| ||||00|  |ger d</controlfield>
  <datafield tag="020" ind1=" " ind2=" ">
    <subfield code="a">9783857645211</subfield>
  </datafield>
  <datafield tag="035" ind1=" " ind2=" ">
    <subfield code="a">R267082060</subfield>
  </datafield>
  <datafield tag="100" ind1="1" ind2=" ">
    <subfield code="0">(RERO)A002903975</subfield>
    <subfield code="a">Abeln, Reinhard,</subfield>
    <subfield code="d">1938-</subfield>
    <subfield code="4">cre</subfield>
  </datafield>
  <datafield tag="245" ind1="1" ind2="0">
    <subfield code="a">Schenk Liebe ... und dein Leben hat einen Sinn /</subfield>
    <subfield code="c">Reinhard Abeln, Anton Kner</subfield>
  </datafield>
  <datafield tag="300" ind1=" " ind2=" ">
    <subfield code="a">32 S. ;</subfield>
    <subfield code="c">17 cm</subfield>
  </datafield>
  <datafield tag="650" ind1=" " ind2="7">
    <subfield code="0">(RERO)A021001036</subfield>
    <subfield code="a">Amour</subfield>
    <subfield code="2">rero</subfield>
  </datafield>
  <datafield tag="650" ind1=" " ind2="7">
    <subfield code="0">(RERO)A021096347</subfield>
    <subfield code="a">Don</subfield>
    <subfield code="2">rero</subfield>
  </datafield>
  <datafield tag="650" ind1=" " ind2="7">
    <subfield code="0">(RERO)A021052509</subfield>
    <subfield code="a">Gratitude</subfield>
    <subfield code="2">rero</subfield>
  </datafield>
  <datafield tag="700" ind1="1" ind2=" ">
    <subfield code="0">(RERO)A003461608</subfield>
    <subfield code="a">Kner, Anton,</subfield>
    <subfield code="d">1911-2003</subfield>
  </datafield>
</record>