
<record>
  <leader>00631caa a2200133 a 4500</leader>
  <controlfield tag="008">960207s1995    sz |||||| ||||00|| |eng d</controlfield>
  <datafield tag="035" ind1=" " ind2=" ">
    <subfield code="a">2149235</subfield>
  </datafield>
  <datafield tag="100" ind1="1" ind2=" ">
    <subfield code="0">(RERO)A003013749</subfield>
    <subfield code="a">Blessing, Marc</subfield>
    <subfield code="4">cre</subfield>
  </datafield>
  <datafield tag="245" ind1="1" ind2="4">
    <subfield code="a">The mediation rules of WIPO and others :</subfield>
    <subfield code="b">a ticket to paradise or into a better mousetrap ? /</subfield>
    <subfield code="c">by Marc Blessing</subfield>
  </datafield>
  <datafield tag="610" ind1="2" ind2="7">
    <subfield code="0">(RERO)A010015526</subfield>
    <subfield code="a">Organisation mondiale de la propriété intellectuelle</subfield>
    <subfield code="2">rero</subfield>
  </datafield>
  <datafield tag="650" ind1=" " ind2="7">
    <subfield code="0">(RERO)A021018185</subfield>
    <subfield code="a">Médiation</subfield>
    <subfield code="2">rero</subfield>
  </datafield>
  <datafield tag="650" ind1=" " ind2="7">
    <subfield code="0">(RERO)A021008941</subfield>
    <subfield code="a">Procédure (droit)</subfield>
    <subfield code="2">rero</subfield>
  </datafield>
  <datafield tag="650" ind1=" " ind2="7">
    <subfield code="0">(RERO)A009968479</subfield>
    <subfield code="a">propriété intellectuelle et industrielle</subfield>
    <subfield code="2">rerovoc</subfield>
  </datafield>
  <datafield tag="773" ind1="1" ind2=" ">
    <subfield code="t">Waǧīz fil-ʿuqūd al-musammāt</subfield>
    <subfield code="g">119</subfield>
  </datafield>
</record>