
<record>
  <leader>00687nam a22001332a 4500</leader>
  <controlfield tag="008">110218s1983    fr ||| |  ||||00|  |fre d</controlfield>
  <datafield tag="020" ind1=" " ind2=" ">
    <subfield code="a">9782702413401</subfield>
  </datafield>
  <datafield tag="035" ind1=" " ind2=" ">
    <subfield code="a">R006027720</subfield>
  </datafield>
  <datafield tag="041" ind1="1" ind2=" ">
    <subfield code="a">fre</subfield>
    <subfield code="h">eng</subfield>
  </datafield>
  <datafield tag="100" ind1="1" ind2=" ">
    <subfield code="0">(RERO)A000036092</subfield>
    <subfield code="a">Christie, Agatha,</subfield>
    <subfield code="d">1890-1976</subfield>
    <subfield code="4">cre</subfield>
  </datafield>
  <datafield tag="245" ind1="1" ind2="0">
    <subfield code="a">Je ne suis pas coupable /</subfield>
    <subfield code="c">Agatha Christie</subfield>
  </datafield>
  <datafield tag="300" ind1=" " ind2=" ">
    <subfield code="a">250 p. ;</subfield>
    <subfield code="c">17 cm</subfield>
  </datafield>
  <datafield tag="490" ind1="0" ind2=" ">
    <subfield code="a">Club des masques</subfield>
    <subfield code="v">22</subfield>
  </datafield>
  <datafield tag="520" ind1="8" ind2=" ">
    <subfield code="a">Cette petite Mary est une perle ! Un vrai rayon de soleil pour la pauvre Mrs Welman, clouée au lit par la maladie. Mais Mary ne serait-elle qu&apos;une intrigante ? C&apos;est ce que commence à penser la famille de la vieille dame. Et ils n&apos;ont aucune envie de voir leur héritage leur passer sous le nez?</subfield>
    <subfield code="9">vdnyon/11.2015</subfield>
  </datafield>
</record>