
<record>
  <leader>00380naa a2200085 a 4500</leader>
  <controlfield tag="008">110712s1962    fr |||||| ||||00|| |fre d</controlfield>
  <datafield tag="035" ind1=" " ind2=" ">
    <subfield code="a">R006100027</subfield>
  </datafield>
  <datafield tag="100" ind1="1" ind2=" ">
    <subfield code="0">(RERO)A003592365</subfield>
    <subfield code="a">Micheloud, Pierrette,</subfield>
    <subfield code="d">1915-2007</subfield>
    <subfield code="4">cre</subfield>
  </datafield>
  <datafield tag="245" ind1="1" ind2="0">
    <subfield code="a">Réponse à André Marissel au sujet de son article sur la poésie féminine /</subfield>
    <subfield code="c">Pierrette Micheloud</subfield>
  </datafield>
  <datafield tag="773" ind1="1" ind2=" ">
    <subfield code="t">Age nouveau : revue des idées, des lettres et des arts</subfield>
    <subfield code="g">1962/113/128</subfield>
  </datafield>
</record>