
<record>
  <leader>00355naa a2200085 a 4500</leader>
  <controlfield tag="008">110615s1929    gw ||| |  ||||00|  0ger d</controlfield>
  <datafield tag="035" ind1=" " ind2=" ">
    <subfield code="a">R006076528</subfield>
  </datafield>
  <datafield tag="100" ind1="1" ind2=" ">
    <subfield code="0">(RERO)A000159537</subfield>
    <subfield code="a">Söderblom, Nathan,</subfield>
    <subfield code="c">archevêque</subfield>
    <subfield code="4">cre</subfield>
  </datafield>
  <datafield tag="245" ind1="1" ind2="0">
    <subfield code="a">Luther im Lichte der Ökumenizität /</subfield>
    <subfield code="c">von Nathan Söderblom</subfield>
  </datafield>
  <datafield tag="773" ind1="1" ind2=" ">
    <subfield code="t">Luther in ökumenischer Sicht : von evangelischen und katholischen Mitarbeitern</subfield>
    <subfield code="g">65</subfield>
  </datafield>
</record>