
<record>
  <leader>01463naa a2200205 a 4500</leader>
  <controlfield tag="008">000911s1999    sz |||||| ||||00|  |fre d</controlfield>
  <datafield tag="035" ind1=" " ind2=" ">
    <subfield code="a">R265462060</subfield>
  </datafield>
  <datafield tag="245" ind1="0" ind2="2">
    <subfield code="a">L&apos;impitoyable vent de Noël /</subfield>
    <subfield code="c">Marie-Paule Angel, EB, MV, MTPP</subfield>
  </datafield>
  <datafield tag="520" ind1="8" ind2=" ">
    <subfield code="a">Note: L&apos;ouragan &quot;Lothar&quot; qui a ravagé l&apos;Europe avec des vents de plus de 120 km/h a particulièrement touché la Gruyère</subfield>
    <subfield code="9">bfrc2</subfield>
    <subfield code="9">bfr99</subfield>
    <subfield code="9">frbcuc/02.2000/0029</subfield>
  </datafield>
  <datafield tag="520" ind1="8" ind2=" ">
    <subfield code="a">La tempête du siècle sur Broc et Châtel-St-Denis, Lessoc et Montbovon dévastés, clocher de l&apos;église arraché à Attalens, le restaurant de Vounetz (Charmey) et le Chalet du Soldat (Bellegarde) sans toit</subfield>
    <subfield code="9">bfrc2</subfield>
    <subfield code="9">bfr99</subfield>
    <subfield code="9">frbcuc/02.2000/0029</subfield>
  </datafield>
  <datafield tag="520" ind1="8" ind2=" ">
    <subfield code="a">Voir: La Gruyère ; 30.12.1999 (Retour de l&apos;électricité) - 19.02.2000 (La forêt aux soins intensifs) - 24.02.2000 (Après Lothar)</subfield>
    <subfield code="9">bfrc2</subfield>
    <subfield code="9">bfr99</subfield>
    <subfield code="9">frbcuc/02.2000/0029</subfield>
  </datafield>
  <datafield tag="520" ind1="8" ind2=" ">
    <subfield code="a">Le Temps ; 05.01.2000 ; 02.02.2000 ; 12.02.2000 (Attalens, nouveau clocher pour Pâques?); 28.02.2000 (Armée, PC, Internet et 90 millions pour soigner la forêt fribourgeoise</subfield>
    <subfield code="9">bfrc2</subfield>
    <subfield code="9">bfr2000</subfield>
    <subfield code="9">frbcuc/02.2000/0029</subfield>
  </datafield>
  <datafield tag="650" ind1=" " ind2="7">
    <subfield code="a">1999</subfield>
    <subfield code="2">rero</subfield>
  </datafield>
  <datafield tag="651" ind1=" " ind2="7">
    <subfield code="0">(RERO)A009995240</subfield>
    <subfield code="a">Gruyère (Suisse, district, FR)</subfield>
    <subfield code="2">rero</subfield>
  </datafield>
  <datafield tag="651" ind1=" " ind2="7">
    <subfield code="0">(RERO)A010195626</subfield>
    <subfield code="a">Lothar (cyclone)</subfield>
    <subfield code="2">rero</subfield>
  </datafield>
  <datafield tag="700" ind1="1" ind2=" ">
    <subfield code="0">(RERO)A000007741</subfield>
    <subfield code="a">Angel, Marie-Paule,</subfield>
    <subfield code="d">1951-</subfield>
  </datafield>
  <datafield tag="700" ind1="1" ind2=" ">
    <subfield code="0">(RERO)A003056546</subfield>
    <subfield code="a">Bulliard, Eric,</subfield>
    <subfield code="d">1970-</subfield>
  </datafield>
  <datafield tag="700" ind1="1" ind2=" ">
    <subfield code="0">(RERO)A005896423</subfield>
    <subfield code="a">Valloton, Marc,</subfield>
    <subfield code="d">1975-</subfield>
  </datafield>
  <datafield tag="700" ind1="1" ind2=" ">
    <subfield code="0">(RERO)A000127124</subfield>
    <subfield code="a">Page, Marie-Thérèse</subfield>
  </datafield>
  <datafield tag="773" ind1="1" ind2=" ">
    <subfield code="t">Gruyère. Bulle</subfield>
    <subfield code="g">1999/12/28</subfield>
  </datafield>
</record>