
<record>
  <leader>00491nam a22001332a 4500</leader>
  <controlfield tag="008">000913s2000    gw |||||| ||||00|  |ger d</controlfield>
  <datafield tag="020" ind1=" " ind2=" ">
    <subfield code="a">9783452243843</subfield>
  </datafield>
  <datafield tag="035" ind1=" " ind2=" ">
    <subfield code="a">R266412160</subfield>
  </datafield>
  <datafield tag="100" ind1="1" ind2=" ">
    <subfield code="0">(RERO)A003418300</subfield>
    <subfield code="a">Jakobs, Günther</subfield>
    <subfield code="4">cre</subfield>
  </datafield>
  <datafield tag="245" ind1="1" ind2="0">
    <subfield code="a">Urkundenfälschung :</subfield>
    <subfield code="b">Revision eines Täuschungsdelikts /</subfield>
    <subfield code="c">von Günther Jakobs</subfield>
  </datafield>
  <datafield tag="300" ind1=" " ind2=" ">
    <subfield code="a">VII, 106 S. ;</subfield>
    <subfield code="c">24 cm</subfield>
  </datafield>
  <datafield tag="650" ind1=" " ind2="7">
    <subfield code="0">(RERO)A009982211</subfield>
    <subfield code="a">faux dans les titres</subfield>
    <subfield code="2">rerovoc</subfield>
  </datafield>
  <datafield tag="650" ind1=" " ind2="7">
    <subfield code="0">(RERO)A021065410</subfield>
    <subfield code="a">Droit pénal</subfield>
    <subfield code="2">rero</subfield>
  </datafield>
  <datafield tag="651" ind1=" " ind2="7">
    <subfield code="0">(RERO)A009955860</subfield>
    <subfield code="a">Allemagne</subfield>
    <subfield code="2">rero</subfield>
  </datafield>
</record>