
<record>
  <leader>00417nam a22001332a 4500</leader>
  <controlfield tag="008">110218s1992    fr ||| |  ||||00|  |fre d</controlfield>
  <datafield tag="020" ind1=" " ind2=" ">
    <subfield code="a">9782010196133</subfield>
  </datafield>
  <datafield tag="035" ind1=" " ind2=" ">
    <subfield code="a">R006027622</subfield>
  </datafield>
  <datafield tag="041" ind1="1" ind2=" ">
    <subfield code="a">fre</subfield>
    <subfield code="h">ger</subfield>
  </datafield>
  <datafield tag="100" ind1="1" ind2=" ">
    <subfield code="0">(RERO)A003551194</subfield>
    <subfield code="a">Mai, Manfred</subfield>
    <subfield code="4">cre</subfield>
  </datafield>
  <datafield tag="245" ind1="1" ind2="0">
    <subfield code="a">Tu t&apos;appelleras Biscotte /</subfield>
    <subfield code="c">Manfred Mai, Erhard Dietl</subfield>
  </datafield>
  <datafield tag="300" ind1=" " ind2=" ">
    <subfield code="a">29 p. :</subfield>
    <subfield code="b">ill. ;</subfield>
    <subfield code="c">18 cm</subfield>
  </datafield>
  <datafield tag="490" ind1="0" ind2=" ">
    <subfield code="a">Le Livre de poche. Cadou</subfield>
    <subfield code="v">5307</subfield>
  </datafield>
  <datafield tag="700" ind1="1" ind2=" ">
    <subfield code="0">(RERO)A003180182</subfield>
    <subfield code="a">Dietl, Erhard</subfield>
  </datafield>
</record>