
<record>
  <leader>00293nam a22000972a 4500</leader>
  <controlfield tag="008">110218s2001    be ||| |  ||||00|  |fre d</controlfield>
  <datafield tag="020" ind1=" " ind2=" ">
    <subfield code="a">9782501036276</subfield>
  </datafield>
  <datafield tag="035" ind1=" " ind2=" ">
    <subfield code="a">R006032527</subfield>
  </datafield>
  <datafield tag="100" ind1="1" ind2=" ">
    <subfield code="0">(RERO)A000015175</subfield>
    <subfield code="a">Bacus, Anne</subfield>
    <subfield code="4">cre</subfield>
  </datafield>
  <datafield tag="245" ind1="1" ind2="0">
    <subfield code="a">Questions au psy :</subfield>
    <subfield code="b">spécial petits /</subfield>
    <subfield code="c">Anne Bacus</subfield>
  </datafield>
  <datafield tag="300" ind1=" " ind2=" ">
    <subfield code="a">191 p. :</subfield>
    <subfield code="b">ill. ;</subfield>
    <subfield code="c">21 cm</subfield>
  </datafield>
</record>