
<record>
  <leader>00432nam a2200121 a 4500</leader>
  <controlfield tag="008">000815s1977    fr |||||| ||||00|| |fre d</controlfield>
  <datafield tag="020" ind1=" " ind2=" ">
    <subfield code="a">9782010033681</subfield>
  </datafield>
  <datafield tag="035" ind1=" " ind2=" ">
    <subfield code="a">0401742</subfield>
  </datafield>
  <datafield tag="100" ind1="1" ind2=" ">
    <subfield code="0">(RERO)A003262999</subfield>
    <subfield code="a">Fresnault-Deruelle, Pierre</subfield>
    <subfield code="4">cre</subfield>
  </datafield>
  <datafield tag="245" ind1="1" ind2="0">
    <subfield code="a">Récits et discours par la bande :</subfield>
    <subfield code="b">essais sur les comics /</subfield>
    <subfield code="c">Pierre Fresnault-Deruelle</subfield>
  </datafield>
  <datafield tag="300" ind1=" " ind2=" ">
    <subfield code="a">253 p. :</subfield>
    <subfield code="b">ill. ;</subfield>
    <subfield code="c">23 cm</subfield>
  </datafield>
  <datafield tag="490" ind1="1" ind2=" ">
    <subfield code="a">Hachette essais</subfield>
  </datafield>
  <datafield tag="650" ind1=" " ind2="7">
    <subfield code="0">(RERO)A021001130</subfield>
    <subfield code="a">Bandes dessinées</subfield>
    <subfield code="2">rero</subfield>
  </datafield>
</record>