
<record>
  <leader>00416cam a2200133 a 4500</leader>
  <controlfield tag="008">961031s1996    gw |||||| ||||00|| |ger d</controlfield>
  <datafield tag="020" ind1=" " ind2=" ">
    <subfield code="a">9783815425114</subfield>
  </datafield>
  <datafield tag="020" ind1=" " ind2=" ">
    <subfield code="a">9783728123367</subfield>
  </datafield>
  <datafield tag="035" ind1=" " ind2=" ">
    <subfield code="a">2279192</subfield>
  </datafield>
  <datafield tag="100" ind1="1" ind2=" ">
    <subfield code="0">(RERO)A003956109</subfield>
    <subfield code="a">Walser, Hans</subfield>
    <subfield code="4">cre</subfield>
  </datafield>
  <datafield tag="245" ind1="1" ind2="4">
    <subfield code="a">Der goldene Schnitt /</subfield>
    <subfield code="c">Hans Walser</subfield>
  </datafield>
  <datafield tag="300" ind1=" " ind2=" ">
    <subfield code="a">140 S. :</subfield>
    <subfield code="b">Fig. ;</subfield>
    <subfield code="c">21 cm</subfield>
  </datafield>
  <datafield tag="490" ind1="1" ind2=" ">
    <subfield code="a">Einblicke in die Wissenschaft. Mathematik</subfield>
  </datafield>
  <datafield tag="650" ind1=" " ind2="7">
    <subfield code="0">(RERO)A021002270</subfield>
    <subfield code="a">Nombre d&apos;or</subfield>
    <subfield code="2">rero</subfield>
  </datafield>
</record>