
<record>
  <leader>00773naa a2200193 a 4500</leader>
  <controlfield tag="008">980828s1998    gw ||| |  ||||00|  |eng d</controlfield>
  <datafield tag="035" ind1=" " ind2=" ">
    <subfield code="a">R235342260</subfield>
  </datafield>
  <datafield tag="100" ind1="1" ind2=" ">
    <subfield code="0">(RERO)A016447193</subfield>
    <subfield code="a">Petit, Pierre,</subfield>
    <subfield code="d">1966-</subfield>
    <subfield code="4">cre</subfield>
  </datafield>
  <datafield tag="245" ind1="1" ind2="0">
    <subfield code="a">Ngoy, mère et fille, potières luba de Lenge (Katanga, Congo) /</subfield>
    <subfield code="c">Pierre Petit</subfield>
  </datafield>
  <datafield tag="500" ind1=" " ind2=" ">
    <subfield code="a">Ill.</subfield>
  </datafield>
  <datafield tag="650" ind1=" " ind2="7">
    <subfield code="0">(RERO)A021065263</subfield>
    <subfield code="a">Ethnologie</subfield>
    <subfield code="2">rero</subfield>
  </datafield>
  <datafield tag="650" ind1=" " ind2="7">
    <subfield code="0">(RERO)A021003617</subfield>
    <subfield code="a">Céramique</subfield>
    <subfield code="2">rero</subfield>
  </datafield>
  <datafield tag="650" ind1=" " ind2="7">
    <subfield code="0">(RERO)A009990016</subfield>
    <subfield code="a">rite</subfield>
    <subfield code="2">rerovoc</subfield>
  </datafield>
  <datafield tag="650" ind1=" " ind2="7">
    <subfield code="0">(RERO)A021009640</subfield>
    <subfield code="a">Luba (peuple d&apos;Afrique)</subfield>
    <subfield code="2">rero</subfield>
  </datafield>
  <datafield tag="650" ind1=" " ind2="7">
    <subfield code="0">(RERO)A021002851</subfield>
    <subfield code="a">Technique</subfield>
    <subfield code="2">rero</subfield>
  </datafield>
  <datafield tag="650" ind1=" " ind2="7">
    <subfield code="0">(RERO)A021044338</subfield>
    <subfield code="a">Femmes céramistes</subfield>
    <subfield code="2">rero</subfield>
  </datafield>
  <datafield tag="651" ind1=" " ind2="7">
    <subfield code="0">(RERO)A010028225</subfield>
    <subfield code="a">Katanga (Congo, ex-Zaïre)</subfield>
    <subfield code="2">rero</subfield>
  </datafield>
  <datafield tag="651" ind1=" " ind2="7">
    <subfield code="0">(RERO)A010037842</subfield>
    <subfield code="a">Zaïre</subfield>
    <subfield code="2">rero</subfield>
  </datafield>
  <datafield tag="773" ind1="1" ind2=" ">
    <subfield code="t">Anthropos. Zaunrith</subfield>
    <subfield code="g">1998/93/363-379</subfield>
  </datafield>
</record>