
<record>
  <leader>00408naa a2200085 a 4500</leader>
  <controlfield tag="008">110628s1938    sz ||| |  ||||00|  |ger d</controlfield>
  <datafield tag="035" ind1=" " ind2=" ">
    <subfield code="a">R006088125</subfield>
  </datafield>
  <datafield tag="100" ind1="1" ind2=" ">
    <subfield code="0">(RERO)A003577060</subfield>
    <subfield code="a">Maync, Wolf</subfield>
    <subfield code="4">cre</subfield>
  </datafield>
  <datafield tag="245" ind1="1" ind2="4">
    <subfield code="a">Die Grenzschichten von Jura und Kreide in der Titliskette. /</subfield>
    <subfield code="c">Wolf Maync</subfield>
  </datafield>
  <datafield tag="773" ind1="1" ind2=" ">
    <subfield code="t">Eclogae geologicae Helvetiae : recueil périodique de la Société géologique suisse = Mitteilungen der Schweiz. geologischen Gesellschaft</subfield>
    <subfield code="g">1938</subfield>
  </datafield>
</record>