
<record>
  <leader>00310naa a2200085 a 4500</leader>
  <controlfield tag="008">020708s1926    sz ||| |  ||||00|  |ger d</controlfield>
  <datafield tag="035" ind1=" " ind2=" ">
    <subfield code="a">R003214423</subfield>
  </datafield>
  <datafield tag="100" ind1="1" ind2=" ">
    <subfield code="0">(RERO)A008862087</subfield>
    <subfield code="a">Gasser, Elsa F</subfield>
    <subfield code="4">cre</subfield>
  </datafield>
  <datafield tag="245" ind1="1" ind2="0">
    <subfield code="a">Preise, Lebenskosten, Löhne im ersten Halbjahr 1926 /</subfield>
    <subfield code="c">von Elsa F. Gasser</subfield>
  </datafield>
  <datafield tag="773" ind1="1" ind2=" ">
    <subfield code="t">Neue Zürcher Zeitung</subfield>
    <subfield code="g">1926/1197,1222,1253</subfield>
  </datafield>
</record>