
<record>
  <leader>00585naa a2200133 a 4500</leader>
  <controlfield tag="008">020118s2000    sz ||| |  ||||00|  |eng d</controlfield>
  <datafield tag="035" ind1=" " ind2=" ">
    <subfield code="a">R003138820</subfield>
  </datafield>
  <datafield tag="100" ind1="1" ind2=" ">
    <subfield code="0">(RERO)A006601115</subfield>
    <subfield code="a">Eisler, William</subfield>
    <subfield code="4">cre</subfield>
  </datafield>
  <datafield tag="245" ind1="1" ind2="4">
    <subfield code="a">The history of the Dassier collection in the Cabinet des médailles cantonal, Lausanne /</subfield>
    <subfield code="c">William Eisler</subfield>
  </datafield>
  <datafield tag="500" ind1=" " ind2=" ">
    <subfield code="a">Ill</subfield>
  </datafield>
  <datafield tag="600" ind1="1" ind2="7">
    <subfield code="0">(RERO)A010219464</subfield>
    <subfield code="a">Dassier, Jean</subfield>
    <subfield code="2">rero</subfield>
  </datafield>
  <datafield tag="610" ind1="2" ind2="7">
    <subfield code="0">(RERO)A009971206</subfield>
    <subfield code="a">Cabinet des médailles du canton de Vaud (Lausanne)</subfield>
    <subfield code="2">rero</subfield>
  </datafield>
  <datafield tag="650" ind1=" " ind2="7">
    <subfield code="0">(RERO)A021061705</subfield>
    <subfield code="a">Médailles</subfield>
    <subfield code="2">rero</subfield>
  </datafield>
  <datafield tag="773" ind1="1" ind2=" ">
    <subfield code="t">Bulletin / Association des amis du Cabinet des médailles</subfield>
    <subfield code="g">2000/13/21</subfield>
  </datafield>
</record>