
<record>
  <leader>00687nam a2200157 a 4500</leader>
  <controlfield tag="008">860708s1974    gw |||||| ||||00|| |ger d</controlfield>
  <datafield tag="020" ind1=" " ind2=" ">
    <subfield code="a">9783766804525</subfield>
  </datafield>
  <datafield tag="035" ind1=" " ind2=" ">
    <subfield code="a">0729562</subfield>
  </datafield>
  <datafield tag="100" ind1="1" ind2=" ">
    <subfield code="0">(RERO)A002915850</subfield>
    <subfield code="a">Albertz, Rainer</subfield>
    <subfield code="4">cre</subfield>
  </datafield>
  <datafield tag="245" ind1="1" ind2="0">
    <subfield code="a">Weltschöpfung und Menschenschöpfung :</subfield>
    <subfield code="b">untersucht bei Deuterojesaja, Hiob und in den Psalmen /</subfield>
    <subfield code="c">Rainer Albertz</subfield>
  </datafield>
  <datafield tag="300" ind1=" " ind2=" ">
    <subfield code="a">264 p. ;</subfield>
    <subfield code="c">22 cm</subfield>
  </datafield>
  <datafield tag="490" ind1="1" ind2=" ">
    <subfield code="a">Calwer theologische Monographien. Reihe A, Bibelwissenschaft</subfield>
    <subfield code="v">Bd. 3</subfield>
  </datafield>
  <datafield tag="630" ind1="0" ind2="7">
    <subfield code="0">(RERO)A009967335</subfield>
    <subfield code="a">&quot;Bible.</subfield>
    <subfield code="p">AT.</subfield>
    <subfield code="p">Deutéro-Esaïe&quot;</subfield>
    <subfield code="2">rero</subfield>
  </datafield>
  <datafield tag="630" ind1="0" ind2="7">
    <subfield code="0">(RERO)A009967358</subfield>
    <subfield code="a">&quot;Bible.</subfield>
    <subfield code="p">AT.</subfield>
    <subfield code="p">Job&quot;</subfield>
    <subfield code="2">rero</subfield>
  </datafield>
  <datafield tag="630" ind1="0" ind2="7">
    <subfield code="0">(RERO)A009967405</subfield>
    <subfield code="a">&quot;Bible.</subfield>
    <subfield code="p">AT.</subfield>
    <subfield code="p">Psaumes&quot;</subfield>
    <subfield code="2">rero</subfield>
  </datafield>
  <datafield tag="650" ind1=" " ind2="7">
    <subfield code="0">(RERO)A021001660</subfield>
    <subfield code="a">Création (religion)</subfield>
    <subfield code="2">rero</subfield>
  </datafield>
</record>