
<record>
  <leader>00336nam a22000972a 4500</leader>
  <controlfield tag="008">110218q        fr ||| |  ||||00|  |fre d</controlfield>
  <datafield tag="020" ind1=" " ind2=" ">
    <subfield code="a">9782221091715</subfield>
  </datafield>
  <datafield tag="035" ind1=" " ind2=" ">
    <subfield code="a">R006031625</subfield>
  </datafield>
  <datafield tag="100" ind1="1" ind2=" ">
    <subfield code="0">(RERO)A003496203</subfield>
    <subfield code="a">Lapierre, Alexandra</subfield>
    <subfield code="4">cre</subfield>
  </datafield>
  <datafield tag="245" ind1="1" ind2="3">
    <subfield code="a">Le salon des petites vertus :</subfield>
    <subfield code="b">portraits cruels à la lumière de Rome /</subfield>
    <subfield code="c">Alexandra Lapierre</subfield>
  </datafield>
  <datafield tag="300" ind1=" " ind2=" ">
    <subfield code="a">249 p. ;</subfield>
    <subfield code="c">22 cm</subfield>
  </datafield>
</record>