
<record>
  <leader>00420nam a22001212a 4500</leader>
  <controlfield tag="008">110218s1999    fr ||| |  ||||00|  |fre d</controlfield>
  <datafield tag="020" ind1=" " ind2=" ">
    <subfield code="a">9782092822883</subfield>
  </datafield>
  <datafield tag="035" ind1=" " ind2=" ">
    <subfield code="a">R006031525</subfield>
  </datafield>
  <datafield tag="100" ind1="1" ind2=" ">
    <subfield code="0">(RERO)A003416729</subfield>
    <subfield code="a">Jacq, Christian,</subfield>
    <subfield code="d">1947-</subfield>
    <subfield code="4">cre</subfield>
  </datafield>
  <datafield tag="245" ind1="1" ind2="0">
    <subfield code="a">Contes et légendes du temps des pyramides /</subfield>
    <subfield code="c">Christian Jacq, Philippe Roux</subfield>
  </datafield>
  <datafield tag="300" ind1=" " ind2=" ">
    <subfield code="a">167 p. :</subfield>
    <subfield code="b">ill. ;</subfield>
    <subfield code="c">19 cm</subfield>
  </datafield>
  <datafield tag="490" ind1="0" ind2=" ">
    <subfield code="a">Contes et légendes</subfield>
    <subfield code="v">26</subfield>
  </datafield>
  <datafield tag="700" ind1="1" ind2=" ">
    <subfield code="0">(RERO)A003766597</subfield>
    <subfield code="a">Roux, Philippe</subfield>
  </datafield>
</record>