
<record>
  <leader>01022nam a22001212a 4500</leader>
  <controlfield tag="008">110218s2001    fr ||| |  ||||00|  |fre d</controlfield>
  <datafield tag="020" ind1=" " ind2=" ">
    <subfield code="a">9782701131481</subfield>
  </datafield>
  <datafield tag="035" ind1=" " ind2=" ">
    <subfield code="a">R006032529</subfield>
  </datafield>
  <datafield tag="100" ind1="1" ind2=" ">
    <subfield code="0">(RERO)A012815062</subfield>
    <subfield code="a">Overnoy, Sylvie</subfield>
    <subfield code="4">cre</subfield>
  </datafield>
  <datafield tag="245" ind1="1" ind2="0">
    <subfield code="a">Bienvenue au club! :</subfield>
    <subfield code="b">journal intime du cheval Crac /</subfield>
    <subfield code="c">Sylvie Overnoy</subfield>
  </datafield>
  <datafield tag="300" ind1=" " ind2=" ">
    <subfield code="a">189 p. ;</subfield>
    <subfield code="c">24 cm</subfield>
  </datafield>
  <datafield tag="520" ind1="8" ind2=" ">
    <subfield code="a">Crac paissait bien tranquille sous le vieux pommier, jusqu&apos;à ce qu&apos;on vienne l&apos;arracher à son pré pour en faire un cheval de club. Mais qu&apos;attend-on de lui au juste ? Qui sont tous ces gens ? Que va-t-on lui faire ? Et les autres chevaux pourraient-ils cesser de lui envoyer des coups de pied ?</subfield>
    <subfield code="9">vdcopp/01.2015</subfield>
  </datafield>
  <datafield tag="520" ind1="8" ind2=" ">
    <subfield code="a">Originalité de ce roman: c&apos;est Crac lui-même qui s&apos;exprime. On a le point de vue du cheval, aussi bien sur des carottes qui poussent, sur certains cavaliers, que sur les &quot;choses difficiles&quot; à exécuter lors des reprises. Pendant un an, Crac raconte au jour le jour la vie de son club, avec tant de naturel et de réalisme qu&apos;on s&apos;y croit vraiment.</subfield>
    <subfield code="9">vdecub/06.2015</subfield>
  </datafield>
</record>