
<record>
  <leader>00295nam a22000972a 4500</leader>
  <controlfield tag="008">110218s1999    fr ||| |  ||||00|  |fre d</controlfield>
  <datafield tag="020" ind1=" " ind2=" ">
    <subfield code="a">9782840382751</subfield>
  </datafield>
  <datafield tag="035" ind1=" " ind2=" ">
    <subfield code="a">R006031521</subfield>
  </datafield>
  <datafield tag="100" ind1="1" ind2=" ">
    <subfield code="0">(RERO)A003145289</subfield>
    <subfield code="a">Crouzet, Yves</subfield>
    <subfield code="4">cre</subfield>
  </datafield>
  <datafield tag="245" ind1="1" ind2="4">
    <subfield code="a">Des bambous dans tous les jardins /</subfield>
    <subfield code="c">Yves Crouzet</subfield>
  </datafield>
  <datafield tag="300" ind1=" " ind2=" ">
    <subfield code="a">119 p. :</subfield>
    <subfield code="b">ill. ;</subfield>
    <subfield code="c">25 cm</subfield>
  </datafield>
</record>