
<record>
  <leader>00401nam a22001212a 4500</leader>
  <controlfield tag="008">110218s2000    fr ||| |  ||||00|  |fre d</controlfield>
  <datafield tag="020" ind1=" " ind2=" ">
    <subfield code="a">9782226071071</subfield>
  </datafield>
  <datafield tag="035" ind1=" " ind2=" ">
    <subfield code="a">R006032520</subfield>
  </datafield>
  <datafield tag="245" ind1="0" ind2="0">
    <subfield code="a">Paroles de l&apos;Egypte ancienne /</subfield>
    <subfield code="c">Thierry Enel, François-Xavier Héry</subfield>
  </datafield>
  <datafield tag="300" ind1=" " ind2=" ">
    <subfield code="a">50 p. :</subfield>
    <subfield code="b">ill. ;</subfield>
    <subfield code="c">22 cm</subfield>
  </datafield>
  <datafield tag="490" ind1="0" ind2=" ">
    <subfield code="a">Carnets de sagesse</subfield>
  </datafield>
  <datafield tag="700" ind1="1" ind2=" ">
    <subfield code="0">(RERO)A003217048</subfield>
    <subfield code="a">Enel, Thierry</subfield>
  </datafield>
  <datafield tag="700" ind1="1" ind2=" ">
    <subfield code="0">(RERO)A003395839</subfield>
    <subfield code="a">Héry, François-Xavier</subfield>
  </datafield>
</record>