
<record>
  <leader>00553naa a2200133 a 4500</leader>
  <controlfield tag="008">010516s2001    fr ||| |  ||||00|  |fre d</controlfield>
  <datafield tag="035" ind1=" " ind2=" ">
    <subfield code="a">R003039721</subfield>
  </datafield>
  <datafield tag="100" ind1="1" ind2=" ">
    <subfield code="0">(RERO)A003352977</subfield>
    <subfield code="a">Hauenschild, Andrea</subfield>
    <subfield code="4">cre</subfield>
  </datafield>
  <datafield tag="245" ind1="1" ind2="0">
    <subfield code="a">En ruine... et fière de l&apos;être /</subfield>
    <subfield code="c">Andrea Hauenschild</subfield>
  </datafield>
  <datafield tag="610" ind1="2" ind2="7">
    <subfield code="0">(RERO)A010205767</subfield>
    <subfield code="a">Internationale Bauausstellung Emscher Park</subfield>
    <subfield code="2">rero</subfield>
  </datafield>
  <datafield tag="650" ind1=" " ind2="7">
    <subfield code="0">(RERO)A021098976</subfield>
    <subfield code="a">Développement durable</subfield>
    <subfield code="2">rero</subfield>
  </datafield>
  <datafield tag="650" ind1=" " ind2="7">
    <subfield code="0">(RERO)A021089797</subfield>
    <subfield code="a">Patrimoine industriel</subfield>
    <subfield code="2">rero</subfield>
  </datafield>
  <datafield tag="651" ind1=" " ind2="7">
    <subfield code="0">(RERO)A010143954</subfield>
    <subfield code="a">Ruhr (Allemagne, bassin)</subfield>
    <subfield code="2">rero</subfield>
  </datafield>
  <datafield tag="773" ind1="1" ind2=" ">
    <subfield code="t">Lettre de l&apos;OCIM</subfield>
    <subfield code="g">2001/73/3</subfield>
  </datafield>
</record>