
<record>
  <leader>00648nam a2200169 a 4500</leader>
  <controlfield tag="008">000921s1999    gw |||||| ||||00|  |ger d</controlfield>
  <datafield tag="020" ind1=" " ind2=" ">
    <subfield code="a">9783631345467</subfield>
  </datafield>
  <datafield tag="035" ind1=" " ind2=" ">
    <subfield code="a">R270022760</subfield>
  </datafield>
  <datafield tag="100" ind1="1" ind2=" ">
    <subfield code="0">(RERO)A003217281</subfield>
    <subfield code="a">Engel, Klaus</subfield>
    <subfield code="4">cre</subfield>
  </datafield>
  <datafield tag="245" ind1="1" ind2="0">
    <subfield code="a">Meditation :</subfield>
    <subfield code="b">Geschichte, Systematik, Forschung, Theorie /</subfield>
    <subfield code="c">Klaus Engel</subfield>
  </datafield>
  <datafield tag="300" ind1=" " ind2=" ">
    <subfield code="a">479 S. :</subfield>
    <subfield code="b">Ill. ;</subfield>
    <subfield code="c">22 cm</subfield>
  </datafield>
  <datafield tag="650" ind1=" " ind2="7">
    <subfield code="0">(RERO)A021002163</subfield>
    <subfield code="a">Méditation</subfield>
    <subfield code="2">rero</subfield>
  </datafield>
  <datafield tag="650" ind1=" " ind2="7">
    <subfield code="0">(RERO)A021005489</subfield>
    <subfield code="a">Psychologie</subfield>
    <subfield code="2">rero</subfield>
  </datafield>
  <datafield tag="650" ind1=" " ind2="7">
    <subfield code="0">(RERO)A021005487</subfield>
    <subfield code="a">Physiologie</subfield>
    <subfield code="2">rero</subfield>
  </datafield>
  <datafield tag="650" ind1=" " ind2="7">
    <subfield code="0">(RERO)A021007670</subfield>
    <subfield code="a">Psychologie religieuse</subfield>
    <subfield code="2">rero</subfield>
  </datafield>
  <datafield tag="650" ind1=" " ind2="7">
    <subfield code="0">(RERO)A021083335</subfield>
    <subfield code="a">Religions orientales</subfield>
    <subfield code="2">rero</subfield>
  </datafield>
  <datafield tag="700" ind1="1" ind2=" ">
    <subfield code="0">(RERO)A006022351</subfield>
    <subfield code="a">Galuska, Dorothea</subfield>
  </datafield>
</record>