
<record>
  <leader>00502nam a2200133 a 4500</leader>
  <controlfield tag="008">960525s1981    gw |||||| ||||00|| |ger d</controlfield>
  <datafield tag="020" ind1=" " ind2=" ">
    <subfield code="a">9783406081644</subfield>
  </datafield>
  <datafield tag="035" ind1=" " ind2=" ">
    <subfield code="a">0402184</subfield>
  </datafield>
  <datafield tag="100" ind1="1" ind2=" ">
    <subfield code="0">(RERO)A003013903</subfield>
    <subfield code="a">Blickle, Peter</subfield>
    <subfield code="4">cre</subfield>
  </datafield>
  <datafield tag="245" ind1="1" ind2="0">
    <subfield code="a">Deutsche Untertanen :</subfield>
    <subfield code="b">ein Widerspruch /</subfield>
    <subfield code="c">Peter Blickle</subfield>
  </datafield>
  <datafield tag="300" ind1=" " ind2=" ">
    <subfield code="a">160 p. :</subfield>
    <subfield code="b">ill. ;</subfield>
    <subfield code="c">21 cm</subfield>
  </datafield>
  <datafield tag="650" ind1=" " ind2="7">
    <subfield code="0">(RERO)A009953916</subfield>
    <subfield code="a">participation du citoyen</subfield>
    <subfield code="2">rerovoc</subfield>
  </datafield>
  <datafield tag="650" ind1=" " ind2="7">
    <subfield code="0">(RERO)A022550996</subfield>
    <subfield code="a">14e siècle-18e siècle</subfield>
    <subfield code="2">rero</subfield>
  </datafield>
  <datafield tag="651" ind1=" " ind2="7">
    <subfield code="0">(RERO)A009956027</subfield>
    <subfield code="a">Saint Empire romain germanique</subfield>
    <subfield code="2">rero</subfield>
  </datafield>
</record>