
<record>
  <leader>00320nam a22000972a 4500</leader>
  <controlfield tag="008">110218s2004    fr ||| |  ||||00|  |fre d</controlfield>
  <datafield tag="020" ind1=" " ind2=" ">
    <subfield code="a">9782221100141</subfield>
  </datafield>
  <datafield tag="035" ind1=" " ind2=" ">
    <subfield code="a">R006034128</subfield>
  </datafield>
  <datafield tag="100" ind1="1" ind2=" ">
    <subfield code="0">(RERO)A003831396</subfield>
    <subfield code="a">Siguret, Catherine</subfield>
    <subfield code="4">cre</subfield>
  </datafield>
  <datafield tag="245" ind1="1" ind2="0">
    <subfield code="a">Destins magiques :</subfield>
    <subfield code="b">dix contes de fées modernes /</subfield>
    <subfield code="c">Catherine Siguret</subfield>
  </datafield>
  <datafield tag="300" ind1=" " ind2=" ">
    <subfield code="a">193 p. :</subfield>
    <subfield code="b">ill. ;</subfield>
    <subfield code="c">22 cm</subfield>
  </datafield>
</record>