
<record>
  <leader>00370nam a22001092a 4500</leader>
  <controlfield tag="008">110218s1997    be ||| |  ||||00|  |fre d</controlfield>
  <datafield tag="020" ind1=" " ind2=" ">
    <subfield code="a">9782501029469</subfield>
  </datafield>
  <datafield tag="035" ind1=" " ind2=" ">
    <subfield code="a">R006030327</subfield>
  </datafield>
  <datafield tag="100" ind1="1" ind2=" ">
    <subfield code="0">(RERO)A003290154</subfield>
    <subfield code="a">Gerin, Sandrine</subfield>
    <subfield code="4">cre</subfield>
  </datafield>
  <datafield tag="245" ind1="1" ind2="0">
    <subfield code="a">Bébés nageurs :</subfield>
    <subfield code="b">la relation privilégiée entre l&apos;enfant et l&apos;eau /</subfield>
    <subfield code="c">Sandrine Gerin</subfield>
  </datafield>
  <datafield tag="300" ind1=" " ind2=" ">
    <subfield code="a">127 p. :</subfield>
    <subfield code="b">Ill. ;</subfield>
    <subfield code="c">25 cm</subfield>
  </datafield>
  <datafield tag="490" ind1="0" ind2=" ">
    <subfield code="a">Les Cahiers de bord</subfield>
  </datafield>
</record>