
<record>
  <leader>00891nam a2200205 a 4500</leader>
  <controlfield tag="008">000912s1972    gw ||| |  ||||00|  |ger d</controlfield>
  <datafield tag="020" ind1=" " ind2=" ">
    <subfield code="a">9783494007052</subfield>
  </datafield>
  <datafield tag="035" ind1=" " ind2=" ">
    <subfield code="a">R266362160</subfield>
  </datafield>
  <datafield tag="041" ind1="1" ind2=" ">
    <subfield code="a">ger</subfield>
    <subfield code="h">eng</subfield>
  </datafield>
  <datafield tag="100" ind1="1" ind2=" ">
    <subfield code="0">(RERO)A003342996</subfield>
    <subfield code="a">Halliday, M.A.K.</subfield>
    <subfield code="q">(Michael Alexander Kirkwood),</subfield>
    <subfield code="d">1925-</subfield>
    <subfield code="4">cre</subfield>
  </datafield>
  <datafield tag="245" ind1="1" ind2="0">
    <subfield code="a">Linguistik, Phonetik und Sprachunterricht /</subfield>
    <subfield code="c">von M.A.K. Halliday, Angus McIntosh, Peter Strevens ; übers. von Hans Dietmar Steffens</subfield>
  </datafield>
  <datafield tag="300" ind1=" " ind2=" ">
    <subfield code="a">306 p. :</subfield>
    <subfield code="b">tabl. ;</subfield>
    <subfield code="c">22 cm</subfield>
  </datafield>
  <datafield tag="500" ind1=" " ind2=" ">
    <subfield code="a">Trad. de: The Lingusitic sciences and language teaching</subfield>
  </datafield>
  <datafield tag="650" ind1=" " ind2="7">
    <subfield code="0">(RERO)A021001951</subfield>
    <subfield code="a">Linguistique</subfield>
    <subfield code="2">rero</subfield>
  </datafield>
  <datafield tag="650" ind1=" " ind2="7">
    <subfield code="0">(RERO)A021099875</subfield>
    <subfield code="a">Phonétique</subfield>
    <subfield code="2">rero</subfield>
  </datafield>
  <datafield tag="650" ind1=" " ind2="7">
    <subfield code="0">(RERO)A021102510</subfield>
    <subfield code="a">Langues</subfield>
    <subfield code="2">rero</subfield>
  </datafield>
  <datafield tag="650" ind1=" " ind2="7">
    <subfield code="0">(RERO)A021017034</subfield>
    <subfield code="a">Étude et enseignement</subfield>
    <subfield code="2">rero</subfield>
  </datafield>
  <datafield tag="700" ind1="1" ind2=" ">
    <subfield code="0">(RERO)A003545513</subfield>
    <subfield code="a">MacIntosh, Angus</subfield>
  </datafield>
  <datafield tag="700" ind1="1" ind2=" ">
    <subfield code="0">(RERO)A003870233</subfield>
    <subfield code="a">Strevens, Peter</subfield>
  </datafield>
  <datafield tag="700" ind1="1" ind2=" ">
    <subfield code="0">(RERO)A005913488</subfield>
    <subfield code="a">Steffens, Hans Dietmar</subfield>
  </datafield>
</record>