
<record>
  <leader>00366naa a2200085 a 4500</leader>
  <controlfield tag="008">040609s2003    fr ||| |  ||||10|| |fre d</controlfield>
  <datafield tag="035" ind1=" " ind2=" ">
    <subfield code="a">R003649726</subfield>
  </datafield>
  <datafield tag="100" ind1="1" ind2=" ">
    <subfield code="0">(RERO)A003885802</subfield>
    <subfield code="a">Taillemite, Etienne</subfield>
    <subfield code="4">cre</subfield>
  </datafield>
  <datafield tag="245" ind1="1" ind2="0">
    <subfield code="a">Forces et faiblesses de la marine royale de Louis XIII à Louis XVI /</subfield>
    <subfield code="c">par Étienne Taillemite</subfield>
  </datafield>
  <datafield tag="773" ind1="1" ind2=" ">
    <subfield code="t">Etudes sur l&apos;ancienne France : offertes en hommage à Michel Antoine</subfield>
    <subfield code="g">419</subfield>
  </datafield>
</record>