
<record>
  <leader>00549naa a22001092a 4500</leader>
  <controlfield tag="008">110722s1845    fr ||| |  ||||00|  |fre d</controlfield>
  <datafield tag="035" ind1=" " ind2=" ">
    <subfield code="a">R006110325</subfield>
  </datafield>
  <datafield tag="100" ind1="1" ind2=" ">
    <subfield code="0">(RERO)A003194578</subfield>
    <subfield code="a">Duchesne, Edouard-Adolphe</subfield>
    <subfield code="4">cre</subfield>
  </datafield>
  <datafield tag="245" ind1="1" ind2="0">
    <subfield code="a">Observations médico-légales sur la strangulation, ou Recueil d&apos;observations nouvelles de suspension incomplète /</subfield>
    <subfield code="c">par A.-É. Duchesne</subfield>
  </datafield>
  <datafield tag="500" ind1=" " ind2=" ">
    <subfield code="a">Existe aussi sous forme de tiré à part, publié chez J.-B. Baillière à Paris</subfield>
  </datafield>
  <datafield tag="650" ind1=" " ind2="7">
    <subfield code="0">(RERO)A021056859</subfield>
    <subfield code="a">Strangulation</subfield>
    <subfield code="2">rero</subfield>
  </datafield>
  <datafield tag="773" ind1="1" ind2=" ">
    <subfield code="t">Annales d&apos;hygiène publique et de médecine légale</subfield>
    <subfield code="g">1845</subfield>
  </datafield>
</record>