
<record>
  <leader>00738naa a2200181 a 4500</leader>
  <controlfield tag="008">980617s1997    fr ||| |  ||||00|  |fre d</controlfield>
  <datafield tag="035" ind1=" " ind2=" ">
    <subfield code="a">R231702760</subfield>
  </datafield>
  <datafield tag="100" ind1="1" ind2=" ">
    <subfield code="0">(RERO)A002943405</subfield>
    <subfield code="a">Assayag, Jackie</subfield>
    <subfield code="4">cre</subfield>
  </datafield>
  <datafield tag="245" ind1="1" ind2="3">
    <subfield code="a">Le corps de l&apos;Inde :</subfield>
    <subfield code="b">la carte, la vache, la nation /</subfield>
    <subfield code="c">Jackie Assayag</subfield>
  </datafield>
  <datafield tag="650" ind1=" " ind2="7">
    <subfield code="0">(RERO)A021019445</subfield>
    <subfield code="a">Nation</subfield>
    <subfield code="2">rero</subfield>
  </datafield>
  <datafield tag="650" ind1=" " ind2="7">
    <subfield code="0">(RERO)A010032386</subfield>
    <subfield code="a">territoire</subfield>
    <subfield code="2">rerovoc</subfield>
  </datafield>
  <datafield tag="650" ind1=" " ind2="7">
    <subfield code="0">(RERO)A021004373</subfield>
    <subfield code="a">Nationalisme</subfield>
    <subfield code="2">rero</subfield>
  </datafield>
  <datafield tag="650" ind1=" " ind2="7">
    <subfield code="0">(RERO)A009990016</subfield>
    <subfield code="a">rite</subfield>
    <subfield code="2">rerovoc</subfield>
  </datafield>
  <datafield tag="650" ind1=" " ind2="7">
    <subfield code="0">(RERO)A021002977</subfield>
    <subfield code="a">Violence</subfield>
    <subfield code="2">rero</subfield>
  </datafield>
  <datafield tag="650" ind1=" " ind2="7">
    <subfield code="0">(RERO)A021004873</subfield>
    <subfield code="a">Signes et symboles</subfield>
    <subfield code="2">rero</subfield>
  </datafield>
  <datafield tag="650" ind1=" " ind2="7">
    <subfield code="0">(RERO)A021017851</subfield>
    <subfield code="a">Vaches</subfield>
    <subfield code="2">rero</subfield>
  </datafield>
  <datafield tag="651" ind1=" " ind2="7">
    <subfield code="0">(RERO)A009998365</subfield>
    <subfield code="a">Inde</subfield>
    <subfield code="2">rero</subfield>
  </datafield>
  <datafield tag="773" ind1="1" ind2=" ">
    <subfield code="t">Gradhiva : revue d&apos;histoire et d&apos;archives de l&apos;anthropologie</subfield>
    <subfield code="g">1997,22,14</subfield>
  </datafield>
</record>