
<record>
  <leader>00995nam a22001452a 4500</leader>
  <controlfield tag="008">110218s2001    fr ||| |  ||||00|  |fre d</controlfield>
  <datafield tag="020" ind1=" " ind2=" ">
    <subfield code="a">9782081611962</subfield>
  </datafield>
  <datafield tag="035" ind1=" " ind2=" ">
    <subfield code="a">R006034125</subfield>
  </datafield>
  <datafield tag="100" ind1="0" ind2=" ">
    <subfield code="0">(RERO)A003327521</subfield>
    <subfield code="a">Gudule</subfield>
    <subfield code="4">cre</subfield>
  </datafield>
  <datafield tag="245" ind1="1" ind2="0">
    <subfield code="a">Regardez-moi /</subfield>
    <subfield code="c">Gudule</subfield>
  </datafield>
  <datafield tag="300" ind1=" " ind2=" ">
    <subfield code="a">175 p. ;</subfield>
    <subfield code="c">18 cm</subfield>
  </datafield>
  <datafield tag="490" ind1="0" ind2=" ">
    <subfield code="a">Tribal</subfield>
  </datafield>
  <datafield tag="520" ind1="8" ind2=" ">
    <subfield code="a">TELEVISION, émission</subfield>
    <subfield code="9">vdchsu/02.2013</subfield>
  </datafield>
  <datafield tag="520" ind1="8" ind2=" ">
    <subfield code="a">Gina a été choisie par la chaîne de télévision &quot;Socio-Life&quot;, pour être la vedette de l&apos;émission &quot;Regardez-moi&quot;. Elle va être filmée 24 heures sur 24 pendant 3 mois. Comme elle a envie de devenir actrice, c&apos;est la chance de sa vie! Mais ce n&apos;est pas si simple... car il faudra affronter les réactions des parents, des amis...</subfield>
    <subfield code="9">vdecub/06.2015</subfield>
  </datafield>
  <datafield tag="520" ind1="8" ind2=" ">
    <subfield code="a">Gina rêve d&apos;être actrice. Elle est donc folle de joie quand elle est retenue par la chaîne Socio-Life pour leur nouveau projet : filmer un jeune pendant 3 mois, 24 heures sur 24.  Pourtant elle se rend vite compte que c&apos;est bien plus       pénible que prévu...</subfield>
    <subfield code="9">vdpril/08.2015</subfield>
  </datafield>
</record>