
<record>
  <leader>00757nam a2200169 a 4500</leader>
  <controlfield tag="008">001116s1999    gw |||||| ||||00|  |ger d</controlfield>
  <datafield tag="020" ind1=" " ind2=" ">
    <subfield code="a">9783409115629</subfield>
  </datafield>
  <datafield tag="035" ind1=" " ind2=" ">
    <subfield code="a">R270692360</subfield>
  </datafield>
  <datafield tag="100" ind1="1" ind2=" ">
    <subfield code="0">(RERO)A006020855</subfield>
    <subfield code="a">Schwetje, Thomas</subfield>
    <subfield code="4">cre</subfield>
  </datafield>
  <datafield tag="245" ind1="1" ind2="0">
    <subfield code="a">Kundenzufriedenheit und Arbeitszufriedenheit bei Dienstleistungen :</subfield>
    <subfield code="b">Operationalisierung und Erklärung der Beziehungen am Beispiel des Handels /</subfield>
    <subfield code="c">Thomas Schwetje</subfield>
  </datafield>
  <datafield tag="300" ind1=" " ind2=" ">
    <subfield code="a">XXII, 299 S. :</subfield>
    <subfield code="b">Abb. ;</subfield>
    <subfield code="c">24 cm</subfield>
  </datafield>
  <datafield tag="490" ind1="1" ind2=" ">
    <subfield code="a">Unternehmensführung und Marketing</subfield>
    <subfield code="v">Bd. 37</subfield>
  </datafield>
  <datafield tag="650" ind1=" " ind2="7">
    <subfield code="0">(RERO)A009976376</subfield>
    <subfield code="a">client</subfield>
    <subfield code="2">rerovoc</subfield>
  </datafield>
  <datafield tag="650" ind1=" " ind2="7">
    <subfield code="0">(RERO)A009998695</subfield>
    <subfield code="a">satisfaction</subfield>
    <subfield code="2">rerovoc</subfield>
  </datafield>
  <datafield tag="650" ind1=" " ind2="7">
    <subfield code="0">(RERO)A021008998</subfield>
    <subfield code="a">Services</subfield>
    <subfield code="2">rero</subfield>
  </datafield>
  <datafield tag="650" ind1=" " ind2="7">
    <subfield code="0">(RERO)A021008987</subfield>
    <subfield code="a">Satisfaction au travail</subfield>
    <subfield code="2">rero</subfield>
  </datafield>
  <datafield tag="650" ind1=" " ind2="7">
    <subfield code="0">(RERO)A021059745</subfield>
    <subfield code="a">Marketing relationnel</subfield>
    <subfield code="2">rero</subfield>
  </datafield>
</record>