
<record>
  <leader>01399nam a22001332a 4500</leader>
  <controlfield tag="008">110218s1999    fr ||| |  ||||00|  |fre d</controlfield>
  <datafield tag="020" ind1=" " ind2=" ">
    <subfield code="a">9782253146599</subfield>
  </datafield>
  <datafield tag="035" ind1=" " ind2=" ">
    <subfield code="a">R006031527</subfield>
  </datafield>
  <datafield tag="041" ind1="1" ind2=" ">
    <subfield code="a">fre</subfield>
    <subfield code="h">eng</subfield>
  </datafield>
  <datafield tag="100" ind1="1" ind2=" ">
    <subfield code="0">(RERO)A003035307</subfield>
    <subfield code="a">Boyle, T. Coraghessan,</subfield>
    <subfield code="d">1948-</subfield>
    <subfield code="4">cre</subfield>
  </datafield>
  <datafield tag="245" ind1="1" ind2="0">
    <subfield code="a">América /</subfield>
    <subfield code="c">T. Coraghessan Boyle</subfield>
  </datafield>
  <datafield tag="300" ind1=" " ind2=" ">
    <subfield code="a">447 p. ;</subfield>
    <subfield code="c">18 cm</subfield>
  </datafield>
  <datafield tag="490" ind1="0" ind2=" ">
    <subfield code="a">Le Livre de poche Grasset</subfield>
    <subfield code="v">14659</subfield>
  </datafield>
  <datafield tag="520" ind1="8" ind2=" ">
    <subfield code="a">Un soir, regagnant le lotissement où il réside, loin du centre de Los Angeles, dans une nature demeurée vierge, Delaney manque écraser un passant.C&apos;est un &quot; chicano &quot;, un Mexicain entré clandestinement en Californie, et qui vit dans une misérable cabane avec América, sa femme. Cet incident va mettre en contact deux mondes : une petite bourgeoisie évoluée, protégée, paisible, et les parias du Sud... Erreurs, drames et malentendus s&apos;accumulent. La paranoïa s&apos;installe. Comment un homme intelligent, cultivé, persuadé de sa propre tolérance, peut-il devenir, saisi par la peur, un fou sanguinaire ? C&apos;est ce que nous montre, sur un mode tour à tour comique et tragique, l&apos;auteur de Si le fleuve était whisky.A travers le face à face du lotissement et du canyon, de Delaney et de Candido, c&apos;est l&apos;Amérique moderne avec sa fracture sociale, ses peurs, ses dérives, qui est impitoyablement radiographiée, dans ce très grand roman couronné en France par le prix Médicis étranger 1997.</subfield>
    <subfield code="9">vdbstl/12.2011</subfield>
  </datafield>
</record>