
<record>
  <leader>00428naa a2200109 a 4500</leader>
  <controlfield tag="008">031020s2003    fr |||||| ||||00|  |fre d</controlfield>
  <datafield tag="035" ind1=" " ind2=" ">
    <subfield code="a">R003525626</subfield>
  </datafield>
  <datafield tag="100" ind1="1" ind2=" ">
    <subfield code="0">(RERO)A003292998</subfield>
    <subfield code="a">Ghasarian, Christian,</subfield>
    <subfield code="d">1957-</subfield>
    <subfield code="4">cre</subfield>
  </datafield>
  <datafield tag="245" ind1="1" ind2="2">
    <subfield code="a">L&apos;exotique ici, le familier ailleurs /</subfield>
    <subfield code="c">par Christian Ghasarian</subfield>
  </datafield>
  <datafield tag="650" ind1=" " ind2="7">
    <subfield code="0">(RERO)A021065263</subfield>
    <subfield code="a">Ethnologie</subfield>
    <subfield code="2">rero</subfield>
  </datafield>
  <datafield tag="650" ind1=" " ind2="7">
    <subfield code="0">(RERO)A021011282</subfield>
    <subfield code="a">Altérité (philosophie)</subfield>
    <subfield code="2">rero</subfield>
  </datafield>
  <datafield tag="773" ind1="1" ind2=" ">
    <subfield code="t">Hors Série. Le Nouvel observateur</subfield>
    <subfield code="g">51/48</subfield>
  </datafield>
</record>