
<record>
  <leader>00301cas a22001092a 4500</leader>
  <controlfield tag="008">160209d19421945xxu|||p|  ||||0 |  |eng d</controlfield>
  <datafield tag="035" ind1=" " ind2=" ">
    <subfield code="a">R008360827</subfield>
  </datafield>
  <datafield tag="245" ind1="0" ind2="0">
    <subfield code="a">Fighting France year book</subfield>
  </datafield>
  <datafield tag="300" ind1=" " ind2=" ">
    <subfield code="c">31 cm</subfield>
  </datafield>
  <datafield tag="610" ind1="2" ind2="0">
    <subfield code="a">France combattante</subfield>
  </datafield>
  <datafield tag="710" ind1="2" ind2=" ">
    <subfield code="0">(RERO)A025989340</subfield>
    <subfield code="a">France Forever (New York)</subfield>
  </datafield>
  <datafield tag="930" ind1=" " ind2=" ">
    <subfield code="a">(OCoLC) ocm02802104</subfield>
  </datafield>
</record>