
<record>
  <leader>00369naa a2200085 a 4500</leader>
  <controlfield tag="008">110720s1850    au ||| |  ||||00|  |ger d</controlfield>
  <datafield tag="035" ind1=" " ind2=" ">
    <subfield code="a">R006107624</subfield>
  </datafield>
  <datafield tag="100" ind1="1" ind2=" ">
    <subfield code="0">(RERO)A019073182</subfield>
    <subfield code="a">Stülz, Jodok</subfield>
    <subfield code="4">cre</subfield>
  </datafield>
  <datafield tag="245" ind1="1" ind2="4">
    <subfield code="a">Die Jugend- und Wanderjahre des Grafen Christoph von Khevenhiller nach seinen eigenen Aufzeichnungen /</subfield>
    <subfield code="c">Jodok Stülz</subfield>
  </datafield>
  <datafield tag="773" ind1="1" ind2=" ">
    <subfield code="t">Archiv für Kunde österreichischer Geschichts-Quellen</subfield>
    <subfield code="g">1850</subfield>
  </datafield>
</record>