
<record>
  <leader>00786nam a2200181 a 4500</leader>
  <controlfield tag="008">170412s2005    it ||| |  ||||00| ||ita d</controlfield>
  <datafield tag="020" ind1=" " ind2=" ">
    <subfield code="a">9788820736835</subfield>
  </datafield>
  <datafield tag="035" ind1=" " ind2=" ">
    <subfield code="a">R008629723</subfield>
  </datafield>
  <datafield tag="041" ind1="1" ind2=" ">
    <subfield code="a">ita</subfield>
    <subfield code="a">spa</subfield>
    <subfield code="h">spa</subfield>
  </datafield>
  <datafield tag="100" ind1="1" ind2=" ">
    <subfield code="0">(RERO)A000134780</subfield>
    <subfield code="a">Quevedo y Villegas, Francisco Gómez de</subfield>
    <subfield code="4">cre</subfield>
  </datafield>
  <datafield tag="245" ind1="1" ind2="0">
    <subfield code="a">Clío, musa I ;</subfield>
    <subfield code="b">con un&apos;appendice da &quot;Melpómene&quot;, musa III /</subfield>
    <subfield code="c">Francisco de Quevedo ; introduzione e traduzione di Alessandro Martinengo ; commento e note a cura di Federica Cappelli e Beatrice Garzelli</subfield>
  </datafield>
  <datafield tag="300" ind1=" " ind2=" ">
    <subfield code="a">246 p. ;</subfield>
    <subfield code="c">19 cm</subfield>
  </datafield>
  <datafield tag="490" ind1="1" ind2=" ">
    <subfield code="a">Barataria</subfield>
    <subfield code="v">18</subfield>
  </datafield>
  <datafield tag="500" ind1=" " ind2=" ">
    <subfield code="a">Texto en español y traducción al italiano</subfield>
  </datafield>
  <datafield tag="700" ind1="1" ind2=" ">
    <subfield code="0">(RERO)A026890623</subfield>
    <subfield code="a">Cappelli, Federica</subfield>
  </datafield>
  <datafield tag="700" ind1="1" ind2=" ">
    <subfield code="0">(RERO)A020112320</subfield>
    <subfield code="a">Garzelli, Beatrice</subfield>
  </datafield>
  <datafield tag="700" ind1="1" ind2=" ">
    <subfield code="0">(RERO)A003567234</subfield>
    <subfield code="a">Martinengo, Alessandro</subfield>
  </datafield>
  <datafield tag="930" ind1=" " ind2=" ">
    <subfield code="a">(BNE) bimo0002070652</subfield>
  </datafield>
</record>