
<record>
  <leader>01367nam a22001452a 4500</leader>
  <controlfield tag="008">110218s2002    fr ||| |  ||||00|  |fre d</controlfield>
  <datafield tag="020" ind1=" " ind2=" ">
    <subfield code="a">9782742737444</subfield>
  </datafield>
  <datafield tag="035" ind1=" " ind2=" ">
    <subfield code="a">R006032621</subfield>
  </datafield>
  <datafield tag="100" ind1="1" ind2=" ">
    <subfield code="0">(RERO)A008816875</subfield>
    <subfield code="a">Laborde, Chantal</subfield>
    <subfield code="4">cre</subfield>
  </datafield>
  <datafield tag="245" ind1="1" ind2="0">
    <subfield code="a">Ma mère est une voyante /</subfield>
    <subfield code="c">Chantal Laborde, Benjamin Bachelier</subfield>
  </datafield>
  <datafield tag="300" ind1=" " ind2=" ">
    <subfield code="a">93 p. :</subfield>
    <subfield code="b">ill. ;</subfield>
    <subfield code="c">18 cm</subfield>
  </datafield>
  <datafield tag="490" ind1="0" ind2=" ">
    <subfield code="a">Les Premiers romans. Cadet</subfield>
  </datafield>
  <datafield tag="520" ind1="8" ind2=" ">
    <subfield code="a">C&apos;est écrit sur une belle plaque de cuivre fixée sur la porte d&apos;entrée : &quot; Estelle Labory - Voyante extra-lucide. &quot; La visiteuse avait à peu près mon âge et elle était plutôt mignonne. Elle lançait des coups d&apos;oeil inquiets derrière mon épaule. Elle indiqua finalement la plaque sur la porte. - Je viens voir Estelle Labory. J&apos;ai rendez-vous. Je m&apos;appelle Laura Mayeux. En la voyant, ma mère allait avoir une attaque...</subfield>
    <subfield code="9">vdcopp/01.2015</subfield>
  </datafield>
  <datafield tag="520" ind1="8" ind2=" ">
    <subfield code="a">Pimprenelle a une mère voyante ! En fait, Estelle           écoute ses clients avec beaucoup d&apos;attention, les           encourage et les console. Un jour, une certaine             Laura vient pour une consultation. Mais, il                 s&apos;agit de la fille de Julien, le nouvel amoureux            d&apos;Estelle. Leux deux filles décident alors de               comploter pour faire échouer cette relation qui             les prive de leurs parents respectifs.</subfield>
    <subfield code="9">vdpril/08.2015</subfield>
  </datafield>
  <datafield tag="700" ind1="1" ind2=" ">
    <subfield code="0">(RERO)A006348557</subfield>
    <subfield code="a">Bachelier, Benjamin</subfield>
  </datafield>
</record>