
<record>
  <leader>00434caa a22000852a 4500</leader>
  <controlfield tag="008">110720s1912    be ||| |  ||||00|  |fre d</controlfield>
  <datafield tag="035" ind1=" " ind2=" ">
    <subfield code="a">R006108123</subfield>
  </datafield>
  <datafield tag="100" ind1="1" ind2=" ">
    <subfield code="0">(RERO)A017397966</subfield>
    <subfield code="a">Mez, John Richard</subfield>
    <subfield code="4">cre</subfield>
  </datafield>
  <datafield tag="245" ind1="1" ind2="3">
    <subfield code="a">Le chèque postal international et les résultats des virements postaux en Autriche, en Hongrie, en Suisse et en Allemagne /</subfield>
    <subfield code="c">John Mez</subfield>
  </datafield>
  <datafield tag="773" ind1="1" ind2=" ">
    <subfield code="t">Vie internationale : revue mensuelle des idées, des faits et des organismes internationaux</subfield>
    <subfield code="g">1912/7/250</subfield>
  </datafield>
</record>