
<record>
  <leader>00862nam a2200181 a 4500</leader>
  <controlfield tag="008">000921s2000    sz |||||| ||||00|  |fre d</controlfield>
  <datafield tag="020" ind1=" " ind2=" ">
    <subfield code="a">9782940058174</subfield>
  </datafield>
  <datafield tag="035" ind1=" " ind2=" ">
    <subfield code="a">R270752060</subfield>
  </datafield>
  <datafield tag="245" ind1="0" ind2="0">
    <subfield code="a">Règlement de la Commission éthique de l&apos;AFIPA/VFA</subfield>
  </datafield>
  <datafield tag="300" ind1=" " ind2=" ">
    <subfield code="a">2 p. ;</subfield>
    <subfield code="c">30 cm</subfield>
  </datafield>
  <datafield tag="500" ind1=" " ind2=" ">
    <subfield code="a">Ed. allemande sous le titre: Reglement der Ethik Kommission der VFA/AFIPA</subfield>
  </datafield>
  <datafield tag="610" ind1="2" ind2="7">
    <subfield code="0">(RERO)A010197927</subfield>
    <subfield code="a">Association fribourgeoise des institutions pour personnes âgées (Fribourg)</subfield>
    <subfield code="2">rero</subfield>
  </datafield>
  <datafield tag="650" ind1=" " ind2="7">
    <subfield code="0">(RERO)A021096072</subfield>
    <subfield code="a">Morale</subfield>
    <subfield code="2">rero</subfield>
  </datafield>
  <datafield tag="650" ind1=" " ind2="7">
    <subfield code="0">(RERO)A009988184</subfield>
    <subfield code="a">établissement pour personnes âgées</subfield>
    <subfield code="2">rerovoc</subfield>
  </datafield>
  <datafield tag="650" ind1=" " ind2="7">
    <subfield code="0">(RERO)A009953515</subfield>
    <subfield code="a">établissement médico-social</subfield>
    <subfield code="2">rerovoc</subfield>
  </datafield>
  <datafield tag="651" ind1=" " ind2="7">
    <subfield code="0">(RERO)A009991678</subfield>
    <subfield code="a">Fribourg (Suisse, canton)</subfield>
    <subfield code="2">rero</subfield>
  </datafield>
  <datafield tag="655" ind1=" " ind2="7">
    <subfield code="0">(RERO)A010182398</subfield>
    <subfield code="a">[document]</subfield>
    <subfield code="2">rerovoc</subfield>
  </datafield>
  <datafield tag="710" ind1="2" ind2=" ">
    <subfield code="0">(RERO)A000011864</subfield>
    <subfield code="a">Association fribourgeoise des institutions pour personnes âgées</subfield>
  </datafield>
</record>