
<record>
  <leader>00686nam a22001452a 4500</leader>
  <controlfield tag="008">110218s2005    fr ||| |  ||||00|  |fre d</controlfield>
  <datafield tag="020" ind1=" " ind2=" ">
    <subfield code="a">9782226149350</subfield>
  </datafield>
  <datafield tag="035" ind1=" " ind2=" ">
    <subfield code="a">R006035528</subfield>
  </datafield>
  <datafield tag="100" ind1="1" ind2=" ">
    <subfield code="0">(RERO)A003252152</subfield>
    <subfield code="a">Fontanel, Béatrice</subfield>
    <subfield code="4">cre</subfield>
  </datafield>
  <datafield tag="245" ind1="1" ind2="0">
    <subfield code="a">Noël blanc, Noël noir /</subfield>
    <subfield code="c">Béatrice Fontanel, Tom Schamp</subfield>
  </datafield>
  <datafield tag="300" ind1=" " ind2=" ">
    <subfield code="c">31 cm</subfield>
  </datafield>
  <datafield tag="500" ind1=" " ind2=" ">
    <subfield code="a">Lecture suivie</subfield>
  </datafield>
  <datafield tag="520" ind1="8" ind2=" ">
    <subfield code="a">Moussa n&apos;est pas d&apos;ici. Mais il sait inventer pour ses neveux un extraordinaire Noël tout en blanc, en noir et en couleurs...</subfield>
    <subfield code="9">njhep-/09.2011</subfield>
  </datafield>
  <datafield tag="520" ind1="8" ind2=" ">
    <subfield code="a">Moussa n&apos;est pas d&apos;ici. Mais il sait inventer pour ses neveux un extraordinaire Noël tout en blanc, en noir et en couleurs...</subfield>
    <subfield code="9">vdesep/06.2015</subfield>
  </datafield>
  <datafield tag="700" ind1="1" ind2=" ">
    <subfield code="0">(RERO)A006307455</subfield>
    <subfield code="a">Schamp, Tom</subfield>
  </datafield>
</record>