
<record>
  <leader>00336naa a22000852a 4500</leader>
  <controlfield tag="008">980617s1998    sz |||||| ||||00|  |ger d</controlfield>
  <datafield tag="035" ind1=" " ind2=" ">
    <subfield code="a">R231692460</subfield>
  </datafield>
  <datafield tag="100" ind1="1" ind2=" ">
    <subfield code="0">(RERO)A003623918</subfield>
    <subfield code="a">Müller, Jörg Paul,</subfield>
    <subfield code="d">1938-</subfield>
    <subfield code="4">cre</subfield>
  </datafield>
  <datafield tag="245" ind1="1" ind2="0">
    <subfield code="a">Gewaltfrei und diskursbereit :</subfield>
    <subfield code="b">Kerngeschäfte des Staates /</subfield>
    <subfield code="c">Jörg Paul Müller</subfield>
  </datafield>
  <datafield tag="773" ind1="1" ind2=" ">
    <subfield code="t">Zeitschrift für Kultur, Politik, Kirche</subfield>
    <subfield code="g">1998/80</subfield>
  </datafield>
</record>