
<record>
  <leader>00515naa a2200121 a 4500</leader>
  <controlfield tag="008">911002s1991    sz |||||| ||||00|| |fre d</controlfield>
  <datafield tag="035" ind1=" " ind2=" ">
    <subfield code="a">1434084</subfield>
  </datafield>
  <datafield tag="100" ind1="1" ind2=" ">
    <subfield code="0">(RERO)A000143978</subfield>
    <subfield code="a">Sansonnens, Bernard,</subfield>
    <subfield code="d">1952-2000</subfield>
    <subfield code="4">cre</subfield>
  </datafield>
  <datafield tag="245" ind1="1" ind2="0">
    <subfield code="a">Geiger :</subfield>
    <subfield code="b">la joie de la découverte /</subfield>
    <subfield code="c">propos recueillis par Bernard Sansonnens</subfield>
  </datafield>
  <datafield tag="490" ind1="1" ind2=" ">
    <subfield code="a">Portraits originaux de pianistes fribourgeois / Bernard Sansonnens</subfield>
    <subfield code="v">[5]</subfield>
  </datafield>
  <datafield tag="600" ind1="1" ind2="7">
    <subfield code="0">(RERO)A010087602</subfield>
    <subfield code="a">Geiger, François</subfield>
    <subfield code="2">rero</subfield>
  </datafield>
  <datafield tag="655" ind1=" " ind2="7">
    <subfield code="0">(RERO)A021001915</subfield>
    <subfield code="a">[Entretiens]</subfield>
    <subfield code="2">rero</subfield>
  </datafield>
  <datafield tag="773" ind1="1" ind2=" ">
    <subfield code="t">Liberté. Fribourg</subfield>
    <subfield code="g">1991/8/29</subfield>
  </datafield>
</record>