
<record>
  <leader>00461nam a2200097 a 4500</leader>
  <controlfield tag="008">000918s1999    gw ||| |  ||||00|  |ger d</controlfield>
  <datafield tag="020" ind1=" " ind2=" ">
    <subfield code="a">9783503057221</subfield>
  </datafield>
  <datafield tag="035" ind1=" " ind2=" ">
    <subfield code="a">R270072860</subfield>
  </datafield>
  <datafield tag="100" ind1="1" ind2=" ">
    <subfield code="0">(RERO)A006010680</subfield>
    <subfield code="a">Zacharias, Erwin</subfield>
    <subfield code="4">cre</subfield>
  </datafield>
  <datafield tag="245" ind1="1" ind2="0">
    <subfield code="a">Going Public einer Fussball-Kapitalgesellschaft :</subfield>
    <subfield code="b">rechtliche, betriebswirtschaftliche und strategische Konzepte bei der Vorbereitung der Börseneinführung eines Fussball-Bundesligavereins /</subfield>
    <subfield code="c">von Erwin Zacharias</subfield>
  </datafield>
  <datafield tag="300" ind1=" " ind2=" ">
    <subfield code="a">617 S. :</subfield>
    <subfield code="b">Taf. ;</subfield>
    <subfield code="c">21 cm</subfield>
  </datafield>
</record>