
<record>
  <leader>00416nam a2200121 a 4500</leader>
  <controlfield tag="008">001116s1999    be ||| |  ||||00|  |fre d</controlfield>
  <datafield tag="020" ind1=" " ind2=" ">
    <subfield code="a">9782873912543</subfield>
  </datafield>
  <datafield tag="035" ind1=" " ind2=" ">
    <subfield code="a">R265832860</subfield>
  </datafield>
  <datafield tag="100" ind1="1" ind2=" ">
    <subfield code="0">(RERO)A005903211</subfield>
    <subfield code="a">Dekeyzer, Brigitte</subfield>
    <subfield code="4">cre</subfield>
  </datafield>
  <datafield tag="245" ind1="1" ind2="4">
    <subfield code="a">Les primitifs flamands /</subfield>
    <subfield code="c">Brigitte Dekeyzer</subfield>
  </datafield>
  <datafield tag="300" ind1=" " ind2=" ">
    <subfield code="a">176 p. :</subfield>
    <subfield code="b">ill. ;</subfield>
    <subfield code="c">33 cm</subfield>
  </datafield>
  <datafield tag="650" ind1=" " ind2="7">
    <subfield code="0">(RERO)A021004220</subfield>
    <subfield code="a">Peinture flamande</subfield>
    <subfield code="2">rero</subfield>
  </datafield>
  <datafield tag="650" ind1=" " ind2="7">
    <subfield code="0">(RERO)A022546843</subfield>
    <subfield code="a">14e siècle-15e siècle</subfield>
    <subfield code="2">rero</subfield>
  </datafield>
</record>