
<record>
  <leader>00557nam a22001217a 4500</leader>
  <controlfield tag="008">000917s1994    sz ||| |  ||||00|  |ger d</controlfield>
  <datafield tag="020" ind1=" " ind2=" ">
    <subfield code="a">9783871449390</subfield>
  </datafield>
  <datafield tag="035" ind1=" " ind2=" ">
    <subfield code="a">R269412660</subfield>
  </datafield>
  <datafield tag="041" ind1="0" ind2=" ">
    <subfield code="a">ger</subfield>
    <subfield code="a">eng</subfield>
  </datafield>
  <datafield tag="100" ind1="1" ind2=" ">
    <subfield code="0">(RERO)A003212794</subfield>
    <subfield code="a">Eisenreich, Günther</subfield>
    <subfield code="4">cre</subfield>
  </datafield>
  <datafield tag="245" ind1="1" ind2="0">
    <subfield code="a">Wörterbuch Mathematik :</subfield>
    <subfield code="b">English, Deutsch, mit etwa 35000 Wortstellen, zweisprachige Studentenausg. = Dictionary of Mathematics : English, German, containing approximately 35000 terms, bilingual students ed. /</subfield>
    <subfield code="c">Günther Eisenreich, Ralf Sube</subfield>
  </datafield>
  <datafield tag="300" ind1=" " ind2=" ">
    <subfield code="a">466 S. ;</subfield>
    <subfield code="c">24 cm</subfield>
  </datafield>
  <datafield tag="700" ind1="1" ind2=" ">
    <subfield code="0">(RERO)A003873889</subfield>
    <subfield code="a">Sube, Ralf</subfield>
  </datafield>
</record>