
<record>
  <leader>00820nam a2200157 a 4500</leader>
  <controlfield tag="008">001225s2000    bl |||||| ||||00|  |por d</controlfield>
  <datafield tag="020" ind1=" " ind2=" ">
    <subfield code="a">9788587742049</subfield>
  </datafield>
  <datafield tag="035" ind1=" " ind2=" ">
    <subfield code="a">R278852060</subfield>
  </datafield>
  <datafield tag="041" ind1="0" ind2=" ">
    <subfield code="a">por</subfield>
    <subfield code="a">eng</subfield>
  </datafield>
  <datafield tag="245" ind1="0" ind2="0">
    <subfield code="a">Mostra do Redescobrimento /</subfield>
    <subfield code="c">Associação Brasil 500 Anos Artes Visuais ; [curador-geral Nelson Aguilar].</subfield>
    <subfield code="p">Artes indígenas = Native arts / [curadora Lúcia Hussak van Velthem]</subfield>
  </datafield>
  <datafield tag="300" ind1=" " ind2=" ">
    <subfield code="a">215 p. :</subfield>
    <subfield code="b">ill. ;</subfield>
    <subfield code="c">31 cm</subfield>
  </datafield>
  <datafield tag="500" ind1=" " ind2=" ">
    <subfield code="a">Exposição, 23 de abril a 7 de setembro de 2000, Parque Ibirapuera, São Paulo, Pavilhão Lucas Nogueira Garcez, Pavilhão Ciccillo Matarozzo, Pavilhão Padre Manoel da Nóbrega</subfield>
  </datafield>
  <datafield tag="650" ind1=" " ind2="7">
    <subfield code="0">(RERO)A027725522</subfield>
    <subfield code="a">Art amérindien</subfield>
    <subfield code="2">rero</subfield>
  </datafield>
  <datafield tag="651" ind1=" " ind2="7">
    <subfield code="0">(RERO)A009956940</subfield>
    <subfield code="a">Brésil</subfield>
    <subfield code="2">rero</subfield>
  </datafield>
  <datafield tag="655" ind1=" " ind2="7">
    <subfield code="0">(RERO)A021004924</subfield>
    <subfield code="a">[Catalogues d&apos;exposition]</subfield>
    <subfield code="2">rero</subfield>
  </datafield>
  <datafield tag="700" ind1="1" ind2=" ">
    <subfield code="0">(RERO)A006263389</subfield>
    <subfield code="a">Velthem, Lúcia Hussak van</subfield>
  </datafield>
</record>