
<record>
  <leader>00494naa a2200097 a 4500</leader>
  <controlfield tag="008">160720s2016    sz ||| |  ||||00|  |ger d</controlfield>
  <datafield tag="035" ind1=" " ind2=" ">
    <subfield code="a">R008475726</subfield>
  </datafield>
  <datafield tag="100" ind1="1" ind2=" ">
    <subfield code="0">(RERO)A003585120</subfield>
    <subfield code="a">Merckx, Véronique</subfield>
    <subfield code="4">cre</subfield>
  </datafield>
  <datafield tag="245" ind1="1" ind2="0">
    <subfield code="a">Vollzug der flankierenden Massnahmen :</subfield>
    <subfield code="b">Verbesserungen sind möglich /</subfield>
    <subfield code="c">Véronique Merckx</subfield>
  </datafield>
  <datafield tag="500" ind1=" " ind2=" ">
    <subfield code="a">Franz. Fassung: Exécution des mesures d&apos;accompagnement : des améliorations sont possibles</subfield>
  </datafield>
  <datafield tag="773" ind1="1" ind2=" ">
    <subfield code="t">Volkswirtschaft : wirtschaftliche, sozialstatistische und arbeitsrechtliche Mitteilungen</subfield>
    <subfield code="g">2016/7/40</subfield>
  </datafield>
</record>