
<record>
  <leader>00176nas a2200073 a 4500</leader>
  <controlfield tag="008">960525d19501956ne |||m|| ||||0 || 0lat d</controlfield>
  <datafield tag="035" ind1=" " ind2=" ">
    <subfield code="a">0372582</subfield>
  </datafield>
  <datafield tag="245" ind1="0" ind2="0">
    <subfield code="a">Stromata patristica et mediaevalia</subfield>
  </datafield>
  <datafield tag="300" ind1=" " ind2=" ">
    <subfield code="c">22 cm</subfield>
  </datafield>
</record>