
<record>
  <leader>00435nam a2200109 a 4500</leader>
  <controlfield tag="008">960525s1981    fr |||||| ||||00|| |fre d</controlfield>
  <datafield tag="020" ind1=" " ind2=" ">
    <subfield code="a">9782715710283</subfield>
  </datafield>
  <datafield tag="035" ind1=" " ind2=" ">
    <subfield code="a">0375968</subfield>
  </datafield>
  <datafield tag="100" ind1="1" ind2=" ">
    <subfield code="0">(RERO)A003230481</subfield>
    <subfield code="a">Falque, Edith</subfield>
    <subfield code="4">cre</subfield>
  </datafield>
  <datafield tag="245" ind1="1" ind2="0">
    <subfield code="a">Changer les relations administrés-administrations :</subfield>
    <subfield code="b">le cas des parents d&apos;enfants handicapés /</subfield>
    <subfield code="c">Edith Falque, Jean-Michel Boulesteix</subfield>
  </datafield>
  <datafield tag="300" ind1=" " ind2=" ">
    <subfield code="a">165 p. :</subfield>
    <subfield code="b">ill. ;</subfield>
    <subfield code="c">22 cm</subfield>
  </datafield>
  <datafield tag="700" ind1="1" ind2=" ">
    <subfield code="0">(RERO)A003031130</subfield>
    <subfield code="a">Boulesteix, Jean-Michel</subfield>
  </datafield>
</record>