
<record>
  <leader>00673ngm a2200157 a 4500</leader>
  <controlfield tag="008">860612s1982    sz ||| || ||||  |  |fre d</controlfield>
  <datafield tag="035" ind1=" " ind2=" ">
    <subfield code="a">0721292</subfield>
  </datafield>
  <datafield tag="245" ind1="0" ind2="0">
    <subfield code="a">Techniques du dessin /</subfield>
    <subfield code="c">conception Jean Thomas ; éd. Yves Roussot-Rouard ; réal. Philippe Calderon</subfield>
  </datafield>
  <datafield tag="300" ind1=" " ind2=" ">
    <subfield code="a">1 VIDEOCASSETTE VHS (28 min.) :</subfield>
    <subfield code="b">couleur PAL</subfield>
  </datafield>
  <datafield tag="500" ind1=" " ind2=" ">
    <subfield code="a">Existe aussi sous forme DVD de sauvegarde</subfield>
  </datafield>
  <datafield tag="500" ind1=" " ind2=" ">
    <subfield code="a">Existe aussi sous forme de fichier numérique</subfield>
  </datafield>
  <datafield tag="650" ind1=" " ind2="7">
    <subfield code="0">(RERO)A021003906</subfield>
    <subfield code="a">Dessin</subfield>
    <subfield code="2">rero</subfield>
  </datafield>
  <datafield tag="650" ind1=" " ind2="7">
    <subfield code="0">(RERO)A021002851</subfield>
    <subfield code="a">Technique</subfield>
    <subfield code="2">rero</subfield>
  </datafield>
  <datafield tag="655" ind1=" " ind2="7">
    <subfield code="0">(RERO)A009950066</subfield>
    <subfield code="a">[enregistrement vidéo]</subfield>
    <subfield code="2">rerovoc</subfield>
  </datafield>
  <datafield tag="700" ind1="1" ind2=" ">
    <subfield code="0">(RERO)A003766258</subfield>
    <subfield code="a">Roussot-Rouard, Yves</subfield>
  </datafield>
  <datafield tag="700" ind1="1" ind2=" ">
    <subfield code="0">(RERO)A003069722</subfield>
    <subfield code="a">Calderon, Philippe</subfield>
  </datafield>
</record>