
<record>
  <leader>00414naa a2200109 a 4500</leader>
  <controlfield tag="008">980612s1997    mf ||| |  ||||00|  |fre d</controlfield>
  <datafield tag="035" ind1=" " ind2=" ">
    <subfield code="a">R231452160</subfield>
  </datafield>
  <datafield tag="100" ind1="1" ind2=" ">
    <subfield code="0">(RERO)A003028641</subfield>
    <subfield code="a">Bosser, J</subfield>
    <subfield code="4">cre</subfield>
  </datafield>
  <datafield tag="245" ind1="1" ind2="0">
    <subfield code="a">Callitrichacées /</subfield>
    <subfield code="c">par J. Bosser</subfield>
  </datafield>
  <datafield tag="650" ind1=" " ind2="7">
    <subfield code="0">(RERO)A027246261</subfield>
    <subfield code="a">Callitrichaceae [Taxonomie]</subfield>
    <subfield code="2">rero</subfield>
  </datafield>
  <datafield tag="651" ind1=" " ind2="7">
    <subfield code="0">(RERO)A009951471</subfield>
    <subfield code="a">Mascareignes</subfield>
    <subfield code="2">rero</subfield>
  </datafield>
  <datafield tag="773" ind1="1" ind2=" ">
    <subfield code="t">Flore des Mascareignes : La Réunion, Maurice, Rodrigues</subfield>
    <subfield code="g">89, 1997, 4 p</subfield>
  </datafield>
</record>