
<record>
  <leader>00310naa a2200085 a 4500</leader>
  <controlfield tag="008">020107s1995    fr |||||| ||||00|  |fre d</controlfield>
  <datafield tag="035" ind1=" " ind2=" ">
    <subfield code="a">R003133528</subfield>
  </datafield>
  <datafield tag="100" ind1="1" ind2=" ">
    <subfield code="0">(RERO)A003932979</subfield>
    <subfield code="a">Varoudakis, Aristomène A</subfield>
    <subfield code="4">cre</subfield>
  </datafield>
  <datafield tag="245" ind1="1" ind2="0">
    <subfield code="a">Inflation, inégalité de répartition et croissance /</subfield>
    <subfield code="c">Aristomène Varoudakis</subfield>
  </datafield>
  <datafield tag="773" ind1="1" ind2=" ">
    <subfield code="t">Revue économique</subfield>
    <subfield code="g">1995/889</subfield>
  </datafield>
</record>