
<record>
  <leader>00662nam a2200169 a 4500</leader>
  <controlfield tag="008">000716s1981    it |||||| ||||00|| |ita d</controlfield>
  <datafield tag="020" ind1=" " ind2=" ">
    <subfield code="a">9788870625233</subfield>
  </datafield>
  <datafield tag="035" ind1=" " ind2=" ">
    <subfield code="a">0431115</subfield>
  </datafield>
  <datafield tag="100" ind1="1" ind2=" ">
    <subfield code="0">(RERO)A002999554</subfield>
    <subfield code="a">Berti, Graziella</subfield>
    <subfield code="4">cre</subfield>
  </datafield>
  <datafield tag="245" ind1="1" ind2="2">
    <subfield code="a">I bacini ceramici medievali delle chiese di Pisa /</subfield>
    <subfield code="c">Graziella Berti, Liana Tongiorgi</subfield>
  </datafield>
  <datafield tag="300" ind1=" " ind2=" ">
    <subfield code="a">303 p., 224 f de pl. :</subfield>
    <subfield code="b">ill. ;</subfield>
    <subfield code="c">28 cm</subfield>
  </datafield>
  <datafield tag="490" ind1="1" ind2=" ">
    <subfield code="a">Quaderni di cultura materiale</subfield>
    <subfield code="v">3</subfield>
  </datafield>
  <datafield tag="650" ind1=" " ind2="7">
    <subfield code="0">(RERO)A010049567</subfield>
    <subfield code="a">bassin en céramique</subfield>
    <subfield code="2">rerovoc</subfield>
  </datafield>
  <datafield tag="650" ind1=" " ind2="7">
    <subfield code="0">(RERO)A021128508</subfield>
    <subfield code="a">Moyen âge</subfield>
    <subfield code="2">rero</subfield>
  </datafield>
  <datafield tag="650" ind1=" " ind2="7">
    <subfield code="0">(RERO)A021003329</subfield>
    <subfield code="a">Églises</subfield>
    <subfield code="2">rero</subfield>
  </datafield>
  <datafield tag="651" ind1=" " ind2="7">
    <subfield code="0">(RERO)A010019220</subfield>
    <subfield code="a">Pise (Italie)</subfield>
    <subfield code="2">rero</subfield>
  </datafield>
  <datafield tag="700" ind1="1" ind2=" ">
    <subfield code="0">(RERO)A003905206</subfield>
    <subfield code="a">Tongiorgi, Liana</subfield>
  </datafield>
</record>