
<record>
  <leader>00676nam a2200145 a 4500</leader>
  <controlfield tag="008">020524s2000    ru ||| |  ||||00|  |rus d</controlfield>
  <datafield tag="020" ind1=" " ind2=" ">
    <subfield code="a">9785888121092</subfield>
  </datafield>
  <datafield tag="035" ind1=" " ind2=" ">
    <subfield code="a">R003193124</subfield>
  </datafield>
  <datafield tag="041" ind1="1" ind2=" ">
    <subfield code="a">rus</subfield>
    <subfield code="h">eng</subfield>
  </datafield>
  <datafield tag="100" ind1="1" ind2=" ">
    <subfield code="0">(RERO)A002974695</subfield>
    <subfield code="a">Basker, Michael</subfield>
    <subfield code="4">cre</subfield>
  </datafield>
  <datafield tag="245" ind1="1" ind2="0">
    <subfield code="6">880-01</subfield>
    <subfield code="a">Ranniĭ Gumilev :</subfield>
    <subfield code="b">putʹ k akmeizmu /</subfield>
    <subfield code="c">Maĭkl Basker</subfield>
  </datafield>
  <datafield tag="300" ind1=" " ind2=" ">
    <subfield code="a">158 p. ;</subfield>
    <subfield code="c">21 cm</subfield>
  </datafield>
  <datafield tag="600" ind1="1" ind2="7">
    <subfield code="0">(RERO)A009953092</subfield>
    <subfield code="a">Goumilev, Nikolaï Stepanovitch</subfield>
    <subfield code="2">rero</subfield>
  </datafield>
  <datafield tag="880" ind1="1" ind2="0">
    <subfield code="6">245-01/(N</subfield>
    <subfield code="a">Ранний Гумилев :</subfield>
    <subfield code="b">путь к акмеизму /</subfield>
    <subfield code="c">Майкл Баскер</subfield>
  </datafield>
  <datafield tag="880" ind1=" " ind2="1">
    <subfield code="6">264-02/(N</subfield>
    <subfield code="a">Санкт-Петербург :</subfield>
    <subfield code="b">Изд. Русского Христианского гуманитарного института,</subfield>
    <subfield code="c">2000</subfield>
  </datafield>
</record>