
<record>
  <leader>00458naa a2200121 a 4500</leader>
  <controlfield tag="008">001116s1999    fr ||| |  ||||00|  |fre d</controlfield>
  <datafield tag="035" ind1=" " ind2=" ">
    <subfield code="a">R276792660</subfield>
  </datafield>
  <datafield tag="100" ind1="1" ind2=" ">
    <subfield code="0">(RERO)A003373396</subfield>
    <subfield code="a">Hintermeyer, Pascal</subfield>
    <subfield code="4">cre</subfield>
  </datafield>
  <datafield tag="245" ind1="1" ind2="3">
    <subfield code="a">Le nom au-delà de la mort /</subfield>
    <subfield code="c">Pascal Hintermeyer</subfield>
  </datafield>
  <datafield tag="650" ind1=" " ind2="7">
    <subfield code="0">(RERO)A021002205</subfield>
    <subfield code="a">Mort</subfield>
    <subfield code="2">rero</subfield>
  </datafield>
  <datafield tag="650" ind1=" " ind2="7">
    <subfield code="0">(RERO)A009958539</subfield>
    <subfield code="a">nom de personne</subfield>
    <subfield code="2">rerovoc</subfield>
  </datafield>
  <datafield tag="650" ind1=" " ind2="7">
    <subfield code="0">(RERO)A021032913</subfield>
    <subfield code="a">Souvenir</subfield>
    <subfield code="2">rero</subfield>
  </datafield>
  <datafield tag="773" ind1="1" ind2=" ">
    <subfield code="t">Revue des sciences sociales de la France de l&apos;Est</subfield>
    <subfield code="g">1999/18</subfield>
  </datafield>
</record>