
<record>
  <leader>00865cam a2200217 a 4500</leader>
  <controlfield tag="008">110825s1989    ja ||| |  ||||00|  |jpn d</controlfield>
  <datafield tag="020" ind1=" " ind2=" ">
    <subfield code="a">9784487731572</subfield>
  </datafield>
  <datafield tag="035" ind1=" " ind2=" ">
    <subfield code="a">R006275124</subfield>
  </datafield>
  <datafield tag="245" ind1="0" ind2="0">
    <subfield code="6">880-01</subfield>
    <subfield code="a">Bukkyō meigen jiten /</subfield>
    <subfield code="c">Nara Yasuaki hencho</subfield>
  </datafield>
  <datafield tag="300" ind1=" " ind2=" ">
    <subfield code="a">919 p., [4] p. of plates :</subfield>
    <subfield code="b">ill. ;</subfield>
    <subfield code="c">22 cm</subfield>
  </datafield>
  <datafield tag="650" ind1=" " ind2="0">
    <subfield code="a">Buddhism</subfield>
    <subfield code="v">Quotations, maxims, etc</subfield>
  </datafield>
  <datafield tag="650" ind1=" " ind2="0">
    <subfield code="a">Buddhism</subfield>
    <subfield code="x">Sacred books</subfield>
    <subfield code="v">Quotations</subfield>
  </datafield>
  <datafield tag="650" ind1=" " ind2="0">
    <subfield code="a">Quotations, Japanese</subfield>
  </datafield>
  <datafield tag="650" ind1=" " ind2="7">
    <subfield code="0">(RERO)A021004960</subfield>
    <subfield code="a">Bouddhisme</subfield>
    <subfield code="2">rero</subfield>
  </datafield>
  <datafield tag="650" ind1=" " ind2="7">
    <subfield code="0">(RERO)A021017167</subfield>
    <subfield code="a">Citation</subfield>
    <subfield code="2">rero</subfield>
  </datafield>
  <datafield tag="650" ind1=" " ind2="7">
    <subfield code="0">(RERO)A021099862</subfield>
    <subfield code="a">Japonais (langue)</subfield>
    <subfield code="2">rero</subfield>
  </datafield>
  <datafield tag="655" ind1=" " ind2="7">
    <subfield code="0">(RERO)A010182394</subfield>
    <subfield code="a">[dictionnaire]</subfield>
    <subfield code="2">rerovoc</subfield>
  </datafield>
  <datafield tag="700" ind1="1" ind2=" ">
    <subfield code="0">(RERO)A019059066</subfield>
    <subfield code="6">880-03</subfield>
    <subfield code="a">Nara, Yasuaki,</subfield>
    <subfield code="d">1929-</subfield>
  </datafield>
  <datafield tag="880" ind1="0" ind2="0">
    <subfield code="6">245-01/$1</subfield>
    <subfield code="a">仏教名言辞典 /</subfield>
    <subfield code="c">奈良康明 編著</subfield>
  </datafield>
  <datafield tag="880" ind1="0" ind2=" ">
    <subfield code="6">700-03/$1</subfield>
    <subfield code="a">奈良康明,</subfield>
    <subfield code="d">1929-</subfield>
  </datafield>
  <datafield tag="880" ind1=" " ind2="1">
    <subfield code="6">264-02/$1</subfield>
    <subfield code="a">東京 :</subfield>
    <subfield code="b">東京書籍,</subfield>
    <subfield code="c">平成 1 [1989]</subfield>
  </datafield>
</record>
</collection>
